2788 4422
567 253 782 323 ..39-

150 468 152 474 >
226 421 278 487 De
299 420 360 487 his·
377 417 477 485 tribus
507 421 604 489 sacris
631 421 796 493 Minervae
824 424 858 489 in
885 421 1039 512 Acropoli
1065 426 1203 499 Athena·

140 527 224 586 rum,
257 506 423 573 Minervae
450 504 632 575 Chalcioeci
666 519 697 575 et
725 508 847 576 Dianae
871 508 1065 592 Monychiae
1094 512 1207 600 dispe

142 594 288 672 larinus,
324 601 474 678 utquam
496 592 614 661 incerta
640 594 704 661 sint
731 605 923 682 argumenta,
958 598 1072 685 quibus
1098 598 1201 673 adhuc

140 678 225 744 ducti
247 699 352 747 sumus
374 678 415 747 ad
442 678 533 760 asyla
562 681 774 767 antiquissima
801 683 964 749 statuenda
988 683 1198 769 ostendamus.

140 765 205 828 Aut
226 765 308 829 enim
330 787 418 833 sacra
440 764 558 851 aliquid
580 766 695 832 habere
717 787 846 833 necesse
868 777 930 848 est,
959 789 1022 854 quo
1044 792 1063 835 a
1084 772 1197 843 ceteris

103 890 107 899 =
139 849 298 936 supplices
320 850 428 916 tuendi
449 852 479 917 ui
507 852 735 938 distinguantur
762 889 801 904 -
828 852 892 918 tale
917 853 994 939 quid
1021 875 1087 921 non
1108 877 1196 941 repe·
1235 914 1238 921 .

137 936 215 1000 ritur
245 974 288 985 -
318 947 372 1002 aut
392 937 514 1003 revolvi
539 959 600 1004 uos
627 939 669 1005 ad
696 940 895 1018 sententiam,
927 938 1106 1027 priusquam
1131 950 1195 1007 tam

137 1021 264 1088 celebre.
285 1021 446 1104 asylorum
467 1023 639 1089 institutum
666 1034 768 1091 crtum
795 1026 836 1090 sit
861 1035 894 1090 ut
918 1023 994 1091 inde
1019 1047 1038 1093 a
1064 1046 1126 1094 sec.
1152 1025 1194 1091 11.

136 1107 187 1172 vel
209 1109 267 1174 111.
290 1130 319 1172 a·
336 1109 411 1174 Chr.
438 1108 583 1173 novimus
613 1109 691 1175 nihil
719 1109 805 1177 aliud
828 1110 925 1177 fuisse
951 1110 984 1175 in
1016 1110 1192 1179 civitatibus

139 1193 268 1259 Graecis
290 1192 485 1278 supplicibus
508 1193 568 1258 nisi
585 1195 720 1261 omnium
735 1215 896 1261 sacromm
909 1197 1066 1282 propriam
1081 1195 1192 1263 amicti·

136 1285 230 1341 tatem
252 1300 270 1343 a
292 1279 404 1364 quovis
425 1279 542 1366 impetu
563 1280 673 1347 hostili
691 1290 887 1361 evocantem,
906 1290 960 1346 aut
980 1281 1113 1366 denique
1132 1301 1193 1366 pro

133 1361 317 1429 illis-sacris
340 1365 401 1429 alia
422 1365 554 1429 inveniri
573 1387 671 1446 posse
693 1366 837 1450 vestigia,
867 1365 980 1451 quibus
999 1367 1115 1433 rectius
1137 1366 1192 1431 du·

134 1469 239 1517 camur
275 1448 315 1513 ad
350 1448 510 1530 asylorum
541 1450 696 1515 occultam
727 1458 759 1514 et
797 1449 992 1515 obscuratam
1028 1451 1191 1533 originem.

134 1533 301 1598 Eiusmodi
323 1534 449 1619 quidem
470 1533 626 1600 uidebitur
647 1534 795 1621 templum
817 1533 959 1621 Neptuni
984 1556 1053 1601 esse
1077 1537 1112 1601 in
1134 1534 1191 1602 Ca·

135 1619 233 1685 latmia
254 1620 364 1686 insula
410 1619 508 1697 Quod
530 1621 604 1687 vide
624 1632 696 1686 onte
718 1622 822 1686 omnia
844 1641 884 1687 ne
904 1620 990 1686 exitu
1004 1620 1190 1687 Demosthe·

134 1707 184 1771 nis
206 1708 333 1793 probes.
388 1707 420 1773 Is
449 1709 531 1773 einim
554 1730 647 1795 quum
673 1707 805 1793 primum
831 1728 850 1771 e
876 1704 1008 1773 uinculis
1034 1704 1189 1784 evaderet,

134 1803 262 1876 uagatus
283 1805 353 1859 toto
381 1794 459 1861 mari
483 1793 582 1859 modo
609 1795 774 1859 Troezene
797 1791 894 1859 modo
926 1793 960 1859 in
992 1792 1113 1876 Aegina
1144 1790 1190 1857 in·

137 1879 220 1957 sula,
257 1879 392 1967 denique
418 1881 451 1944 in
479 1879 622 1946 Calauria
648 1889 857 1946 commoratus
883 1888 942 1947 est.
1001 1877 1039 1943 In
1063 1876 1191 1945 exilium

134 1964 216 2028 enim
235 1965 334 2031 iverat
354 1967 571 2049 voluntarium,
594 1967 667 2065 quia
689 1977 722 2030 ut
742 1968 813 2051 ipse
834 1964 884 2042 ait
906 1966 1005 2049 impar
1019 1972 1086 2031 erat
1098 1964 1187 2046 iguo·

134 2051 248 2118 minine
270 2053 463 2138 carcerisque
491 2053 643 2117 molestiis
670 2050 821 2129 ferendis,
858 2070 923 2115 non
950 2058 983 2115 ut
1007 2049 1042 2111 in
1067 2047 1188 2128 asylum

131 2148 276 2223 receptus
298 2138 405 2204 diuino
428 2139 586 2223 praesidio
607 2146 705 2201 tutam
718 2139 810 2201 vitam
827 2135 964 2218 degeret,
987 2135 1038 2198 cui
1054 2131 1189 2214 vagandi

131 2225 211 2286 ratio
241 2222 325 2284 haud
346 2233 557 2285 consentanea
586 2220 708 2297 fuisset,
746 2218 803 2283 sed
830 2228 865 2283 ut
890 2216 1041 2301 intuendo
1068 2216 1187 2281 eminus

133 2306 321 2373 carissimam
343 2316 455 2371 terram
478 2327 553 2370 ucro
576 2326 613 2370 ac
635 2303 757 2369 sincero
779 2302 897 2389 patriae
918 2302 1017 2368 amori
1032 2300 1187 2369 satisface-

11 2416 20 2443 ·
130 2404 186 2461 ret.
231 2392 387 2458 Neovero
405 2391 596 2456 tamabiecte
609 2389 701 2453 vitam
712 2391 854 2455 miseram
868 2386 991 2467 tolerat,
1014 2395 1048 2453 ut
1062 2396 1185 2465 metuat,

130 2489 165 2543 ut
192 2479 352 2564 republica
378 2476 664 2564 perturbationibus
690 2485 802 2540 vexata
829 2475 921 2559 copia
948 2472 1100 2539 redeundi
1125 2470 1188 2537 sibi

131 2564 236 2645 detur,
264 2565 327 2629 imo
351 2565 497 2630 obsecrat
517 2560 739 2635 Athenienses,
770 2571 804 2625 ut
825 2580 859 2624 se
881 2560 995 2625 reverti
1020 2557 1186 2644 patiantur,

130 2673 171 2715 ne
198 2656 301 2730 ἱκέτης
332 2656 448 2734 ἑτέρων
479 2657 538 2725 (sc.
569 2647 720 2733 gentium)
749 2643 955 2732 ἀναγκασθῇ
980 2645 1137 2726 γενέσθαι
1147 2642 1187 2722 ¹).

132 2737 257 2814 Quodsi
278 2736 426 2822 templum
450 2736 633 2802 Calaureum
646 2732 780 2815 asylum
809 2740 892 2813 erat,
928 2729 1007 2802 nihil
1034 2728 1104 2809 fuit,
1133 2748 1187 2793 cur

131 2822 208 2886 inde
243 2822 306 2887 alio
343 2821 549 2909 supplicatum
588 2823 655 2887 iret.
709 2820 775 2885 Aut
809 2819 892 2883 enim
923 2837 1073 2883 summum
1099 2834 1188 2900 prae.

129 2909 240 2974 sidium
262 2931 471 2995 summamque
492 2919 557 2975 tute
579 2930 616 2974 ac
638 2907 741 2994 quiete
761 2904 887 2971 vivendi
906 2902 1080 2969 libertatem
1097 2919 1192 2985 prae·⁴

130 2995 244 3071 stabat,
280 2997 359 3079 quia
373 2996 495 3074 asylum
517 3004 597 3073 erat,
630 3003 683 3057 aut
710 3013 766 3077 per
788 2988 916 3075 aliquod
939 2998 1074 3074 tempus,
1110 2983 1202 3055 dum¹

129 3079 300 3145 adversarii
321 3078 508 3145 verecundia
529 3101 548 3143 a
569 3075 788 3165 persequendo
801 3073 1051 3169 deterrebantur,¹
1067 3068 1186 3166 tuendo

129 3187 212 3245 ema,
236 3187 315 3252 quae
338 3166 475 3232 omnium
497 3176 576 3244 erat,
600 3162 730 3232 salutem
752 3161 847 3225 dabat
867 3157 1012 3240 supplica
1055 3153 1187 3221 Accedit

80 3278 85 3283 ·
130 3250 218 3335 quod
263 3238 350 3315 oslea
371 3252 487 3313 Archia
508 3246 705 3311 adversarios
729 3243 876 3306 acerrime
905 3242 1088 3324 insequente
1116 3258 1184 3302 ora·

129 3346 216 3402 tores
238 3272 300 3401 lite
322 3335 456 3421 dispersi
483 3354 548 3397 non
575 3351 684 3396 omnes
713 3327 753 3392 ad
780 3347 874 3390 uuum
901 3325 1050 3411 templum
1079 3323 1185 3388 tende·

128 3435 214 3502 runt,
237 3423 270 3488 id
294 3422 394 3508 quod,
418 3420 445 3485 si
467 3419 606 3507 Neptuni
628 3415 730 3480 fanum
754 3412 864 3477 ceteris
886 3411 1034 3477 maiorem
1059 3410 1186 3477 tulelam

129 3509 332 3596 praebuisset,
356 3506 463 3574 nescio
480 3504 641 3593 quomodo
659 3496 809 3588 explicari
823 3507 941 3585 posset.
984 3494 1037 3563 Ex
1051 3497 1188 3565 Archiae

129 3787 288 3846 portantem
312 3779 442 3832 violenter
464 3777 597 3844 abreptum
621 3791 649 3828 se
674 3790 732 3828 esse
755 3772 923 3827 calumniatus
944 3775 990 3821 eat.
1008 3842 1009 3847 ἵ
1025 3766 1056 3817 V.
1079 3765 1138 3830 Lyn.
1158 3764 1187 3815 in

130 3851 212 3920 Agor.
231 3865 256 3916 p.
275 3849 334 3902 132.
353 3852 378 3902 d.
396 3849 432 3900 ‘25
449 3845 531 3900 Behh.

200 3942 231 4008 l)
267 3941 342 3995 uoci.
361 3956 420 4009 epp.
437 3956 467 4021 p¹¹
482 3941 559 3995 liti.
576 3938 593 3993 8
610 3954 665 4006 sqq.
