2788 4422
642 265 833 328 „g-

216 427 489 516 quodssdiserimeu
511 450 577 494 non
598 434 765 497 maximum
787 430 909 498 videtur
930 454 1008 498 esse.
1051 433 1182 501 Accedit
1199 457 1267 522 per·

215 536 308 604 saepe
339 514 467 582 alterum
493 515 621 580 verbum
647 518 740 581 simili
764 516 831 582 fere
858 520 1004 597 notione,
1035 519 1135 585 torma
1166 532 1267 586 autern

160 650 162 655 .
214 600 369 680 adverbii,
391 601 520 685 legimus
542 601 624 665 enim
645 599 754 668 ἀσυλιὶ
775 605 830 667 καὶ
853 601 1012 668 escoves
1036 606 1056 674 i.
1078 628 1106 675 e.
1132 608 1267 693 proxeni

215 685 379 751 occidendi
401 686 615 772 autprivandi
637 687 821 753 non-modo
844 690 957 754 nemini
979 698 1119 773 potestas
1141 703 1190 759 est
1210 691 1269 757 sed

214 770 255 835 ad
273 781 390 837 tantam
412 773 477 837 eius
500 773 694 837 securitatem
716 794 756 838 ne
778 772 920 839 induciae
942 772 1068 859 quidem
1091 797 1171 862 opus
1187 787 1268 844 sunt.

213 855 330 922 Pollux
342 859 371 938 ι)
404 857 444 923 de
477 857 732 923 caduceatoribus
762 858 869 924 refert:
907 858 1025 924 ἀσυλσι
1062 852 1175 940 dolonn
1216 868 1269 928 acl

214 943 290 1023 ἐξῆν
304 940 416 1018 αὐτοῖς
436 941 620 1028 πανταχόσε
641 941 743 1020 ἀδεῶς
764 948 855 1013 ἰέναι,
878 942 997 1008 ἀσυλία
1019 947 1072 1010 καὶ
1094 943 1268 1012 ἀσπουδία.

212 1027 245 1094 h.
266 1050 293 1098 e.
315 1027 537 1095 caduceatores
559 1028 632 1115 quia
654 1027 792 1094 ἀσυλίαν
813 1029 944 1109 habent,
971 1030 1063 1095 etiam
1089 1031 1157 1096 sine
1178 1031 1267 1096 indu·

214 1112 270 1178 ciis
292 1113 333 1179 ab
356 1115 442 1179 omni
463 1113 576 1180 infesto
604 1114 721 1202 impetu
749 1124 821 1180 sunt
847 1115 991 1181 tutissimi
1003 1117 1042 1194 ²).
1086 1116 1269 1182 Plutarchus

213 1198 396 1265 athletarum
430 1197 569 1265 ἀσυλίαν
607 1209 828 1265 commemorat
845 1201 895 1288 Ἣ
940 1202 1089 1267 accrescit
1124 1223 1269 1267 numerus

212 1306 333 1361 eorum,
371 1286 423 1367 qui
448 1281 583 1359 ἀσυλίας
602 1286 671 1351 iure
696 1285 891 1365 fruebantur,
929 1287 975 1350 tit.
1004 1286 1099 1352 Delio
1109 1289 1139 1373 ⁴)
1178 1309 1270 1374 quma

212 1367 393 1433 Boeeklaius
415 1374 599 1449 conceptum
626 1389 696 1429 esse
722 1372 836 1451 probat
863 1373 945 1431 iuter
968 1372 1023 1432 01..
1050 1360 1118 1435 CX.
1146 1382 1178 1433 et
1206 1373 1268 1436 CL.

213 1474 316 1551 eoque
336 1451 434 1517 locari
454 1448 603 1535 templum
613 1449 770 1536 Apollinis
793 1450 993 1516 reficiendum
1015 1462 1107 1538 atque
1129 1452 1169 1518 de
1192 1475 1267 1519 con·

214 1537 386 1603 ditronibus
407 1534 600 1620 redemptori
623 1537 795 1623 propositis
817 1537 882 1621 agi:
904 1541 959 1602 καὶ
982 1535 1108 1603 ἀτέλεια
1131 1539 1165 1604 δὲ
1187 1543 1267 1604 ίστω

212 1634 284 1698 τοῖς
304 1619 473 1707 ὲργώναις]
497 1623 550 1686 καί
571 1617 690 1686 ἀσυλία
717 1627 751 1687 ὲν
775 1619 873 1702 Δήλῳ
895 1625 952 1686 καὶ
974 1621 1089 1698 αὐτοῖς
1110 1621 1270 1708 καὶίργά.

213 1732 286 1786 ταις
314 1711 371 1773 καὶ
403 1704 546 1773 σκεύεσιν
572 1711 629 1772 καὶ,
656 1705 718 1771 ὅσα
749 1704 791 1772 ἀν
821 1706 980 1790 ὲξάγιυσιν
1013 1704 1060 1785 [r’y‘]
1101 1706 1269 1792 είςάγισσιν

213 1791 263 1879 ἐφ’
283 1793 406 1859 ἑαυτῶν
426 1794 529 1876 χρείᾳ.
580 1791 677 1868 Quod
702 1791 895 1877 privilegium
921 1814 987 1858 non
1017 1792 1149 1857 honoris
1176 1815 1269 1858 causa

136 1920 143 1942 ι
193 1877 270 1944 vsed
308 1877 349 1943 ad
384 1875 518 1941 tuendos
553 1896 611 1963 per
644 1875 774 1963 aliquod
808 1888 930 1976 tempus
965 1878 1109 1943 homines
1145 1879 1179 1943 in
1210 1879 1268 1944 ho·

212 1962 390 2028 mestissimo
416 1981 542 2028 munere
569 1971 727 2028 versantes
755 1962 939 2030 decernitur.
985 1964 1152 2030 Exsistunt
1178 1986 1267 2051 prae·

212 2058 297 2114 terea
335 2047 517 2128 Dionysiaei
553 2046 686 2114 artifices
721 2044 857 2124 ἀσυλίας
896 2050 962 2114 iure
996 2047 1163 2114 admodum
1201 2049 1268 2134 glo·

211 2134 299 2201 riati:
342 2128 415 2216 οὓς,
441 2133 541 2212 aiunt,
585 2137 638 2199 καὶ
669 2138 701 2198 οἱ
731 2134 810 2198 θινὶ
841 2136 897 2199 καὶ
931 2136 1075 2221 βασιλεῖς
1104 2138 1159 2199 καὶ
1190 2133 1270 2198 noiv-

211 2243 263 2297 τες
295 2217 457 2298 Ἕλ]ληνες
493 2217 626 2300 τιμῶσιν
663 2216 835 2294 δεδωκότες
869 2215 929 2295 τήν
967 2241 1001 2283 τε
1039 2217 1179 2283 ἀσυλίαν
1217 2222 1272 2285 καὶ

146 2342 149 2347 <
211 2301 396 2386 ἀσφάλειαν
422 2302 506 2367 αάσι
532 2304 601 2376 [καὶ
623 2304 768 2383 πολέμου
796 2305 849 2366 καὶ
870 2299 1030 2384 allodem,-
1064 2303 1097 2364 in
1123 2303 1271 2367 Teiorum

212 2390 304 2456 etiam
326 2387 452 2452 decreto
481 2383 624 2448 dicuntur
659 2383 796 2461 ἀσυλίας
828 2384 895 2449 iure
928 2385 974 2450 uti
993 2386 1032 2462 ⁵).
1087 2386 1270 2469 Dionysiaci

280 2653 738 2723 mwmffimm

281 2742 308 2800 2)
334 2740 443 2791 lleicrue
461 2754 553 2790 vocem
572 2732 715 2792 ἀσαονδίαν
732 2739 758 2789 in
776 2737 888 2801 decretis
902 2754 953 2790 uon
966 2736 1147 2789 eodemmodo
1160 2736 1270 2805 intelligi
1288 2770 1292 2777 ι

212 2808 280 2872 vult,
298 2824 349 2875 quo
366 2810 392 2858 in
410 2808 603 2871 enunciatioue:
621 2811 734 2876 πολέμου
753 2798 884 2859 teucrum
901 2808 943 2858 καὶ
962 2799 1101 2875 ἀκηρύκτου
1118 2807 1147 2870 (i.
1166 2822 1190 2857 e.
1209 2806 1269 2856 bel-

211 2877 264 2927 lurn
290 2874 454 2942 implacabile
481 2875 550 2944 quod
571 2891 656 2944 neque
678 2875 797 2926 inducias
823 2890 907 2941 neque
931 2875 1127 2927 caduceatorem
1150 2875 1270 2938 admittit)

212 2961 296 3012 neque
322 2947 348 2995 in
377 2943 488 2997 formula
518 2940 618 3013 νεκροὺς
649 2938 793 2999 ἀσπόνδους
827 2936 957 2993 ἀνείλοντο
985 2942 1068 2993 simile
1101 2940 1161 3009 quid
1187 2941 1269 3006 videt,

212 3015 257 3063 sed
276 3028 386 3079 sensum,
404 3012 487 3081 qualis
505 3013 537 3064 sit
551 3014 618 3079 apud
630 3011 703 3079 Poll,
721 3013 747 3062 in
765 3009 878 3061 decretis
895 3010 993 3073 valere,
1010 3018 1036 3061 et
1054 3024 1146 3074 perse
1165 3003 1271 3068 ἀσυλίας
1328 3036 1332 3044 -

211 3083 310 3132 notioni
330 3096 500 3147 synonymum
519 3096 576 3132 esse
595 3081 664 3136 dicit.
710 3079 745 3132 Ar
773 3094 822 3130 uua
845 3093 892 3144 pro
916 3079 995 3129 altera
1010 3080 1072 3131 dict
1096 3093 1150 3130 non
1171 3085 1268 3144 potest,

212 3149 281 3218 quod
301 3149 322 3200 si
341 3149 459 3217 singulae
476 3151 596 3201 notiones
612 3149 778 3199 similitudine
796 3148 906 3213 quadam
929 3149 995 3197 inter
1013 3164 1071 3199 sese
1095 3147 1271 3209 concinerent,

211 3233 264 3270 non
281 3226 332 3279 est,
359 3234 405 3268 cur
420 3235 473 3269 non
491 3219 586 3270 facturn
604 3225 679 3269 esset.
723 3213 849 3282 Equidem
867 3228 919 3263 non
937 3215 1032 3279 video,
1060 3208 1203 3265 ἀσαονιλίαν
1220 3229 1271 3264 uu-

212 3301 287 3368 quam
310 3285 379 3336 aliud
403 3286 551 3355 siguificare
575 3303 651 3354 quam
679 3283 840 3336 induciarum
864 3283 1125 3348 praetermissionem,
1155 3298 1221 3350 quae
1248 3283 1271 3334 ai

213 3356 319 3412 ασυλίας
336 3352 474 3422 privilegio
493 3354 670 3422 subiungitur,
690 3354 746 3404 eius
764 3352 816 3401 vim
833 3351 923 3402 mirum
943 3360 1061 3418 quantum
1080 3351 1205 3418 adauget,
1224 3351 1270 3402 sed

211 3438 288 3538 guum
307 3414 400 3472 ἀσυλία
418 3421 486 3473 haud
504 3420 584 3475 facile
601 3422 657 3474 sine
675 3413 736 3472 ἀσιτ.
755 3418 848 3469 tributa
866 3420 911 3484 sit,
929 3421 1050 3473 notiones
1065 3420 1159 3468 interce
1177 3418 1270 3468 admo-

230 3505 271 3540 am
292 3489 440 3541 coniunctas
458 3506 515 3541 esse
531 3491 614 3557 'dicas

219 3550 921 3651 -utmcmssommffi'

278 3655 308 3718 5)
340 3652 411 3711 (λλ.
428 3674 453 3708 n.
470 3656 555 3717 Stltd..
574 3653 824 3717 „hooamanitesu
845 3651 976 3720 (tynam)
996 3667 1062 3719 qnae
1084 3652 1165 3704 actori
1184 3658 1270 3717 erepta

211 3738 268 3774 esse
293 3730 393 3788 pateat,
424 3725 492 3790 apud
516 3723 642 3789 synedros
665 3722 826 3791 magistratus
848 3721 903 3773 sine
925 3720 1023 3773 indicio
1043 3728 1169 3786 repetere
1194 3734 1271 3785 posse

211 3798 338 3854 actorem,
360 3791 465 3843 latentia
483 3807 546 3843 varo
564 3785 675 3860 (ἀφανῆ)
692 3805 724 3841 eo
743 3805 847 3859 genere.
860 3790 969 3849 aetionis
986 3805 1069 3857 eaque
1085 3791 1112 3840 vi
1133 3804 1191 3840 esre
1207 3803 1270 3856 pro-

210 3858 297 3909 banda
316 3866 342 3910 et
356 3860 531 3924 vindicanda’,
560 3874 627 3926 quae
654 3859 833 3919 concesserit
850 3858 990 3911 artificibus
1007 3856 1190 3924 Dionysiacie“
1220 3854 1270 3920 (ci.

210 3924 342 3993 Boeclrh.)
385 3955 388 3959 >
