2788 4422
527 277 740 341 431..-

105 449 189 532 aayli
209 450 276 516 iure
300 448 361 516 sibi
383 443 572 513 vindicando
596 446 753 532 singulare
775 445 922 535 quiddam
942 448 1085 535 accipere
1096 458 1160 515 ten-

106 547 256 604 taverunt.
300 535 409 620 ltaque
430 533 488 599 viri
511 532 598 598 docti
619 534 660 600 ad
687 533 770 599 hanc
791 534 973 600 sententiam
999 534 1162 601 revolvun-

48 631 50 635 ’
105 633 169 704 tur,
199 620 288 702 asyla
310 643 328 685 e
350 621 506 685 communi
533 621 670 685 omnium
691 641 849 686 sacrorum
871 621 1029 708 supplices
1056 621 1162 687 tuendi

104 710 187 787 iube,
219 707 306 792 quod
331 706 405 771 inde
431 707 471 772 ab
498 707 719 792 antiquissimis
745 708 938 793 temporibus
971 709 1003 771 in
1031 708 1164 773 Graecia

104 794 229 873 floruit,
260 794 302 857 ita
323 793 467 872 fluxisse,
499 803 533 858 ut
559 803 644 859 certa
670 792 821 879 quaedam
846 792 962 877 templa
990 797 1161 875 sanctitate,

106 880 231 966 opibus,
253 879 434 944 auctoritate
450 879 591 965 iusignia,
616 901 709 966 quum
726 888 899 943 ceterorum
914 877 1051 964 perfugia
1068 879 1162 944 obso-

109 966 259 1032 levissent
275 966 324 1031 vel
341 966 512 1033 infirmiora
533 965 614 1030 facta
629 974 743 1045 essent,
763 965 834 1030 sola
847 965 1039 1052 supplicibus
1055 963 1164 1030 darent

106 1053 250 1133 tutelam3
273 1062 376 1117 tamen
399 1050 551 1114 nonnulla
572 1059 708 1114 statuunt
730 1051 790 1114 iam
812 1051 1030 1137 antiquissimis
1044 1060 1164 1136 tempo-

106 1138 193 1202 ribus
216 1138 305 1216 asyla
326 1137 423 1200 fuisso
434 1142 473 1210 ¹).
518 1136 589 1212 Qua
609 1136 732 1199 radone
753 1156 846 1221 quum
869 1135 1011 1221 equidem
1034 1136 1074 1199 de
1088 1135 1164 1200 dou·

106 1225 180 1297 λίας
202 1240 271 1286 cum
294 1224 400 1304 ἱκεσίᾳ
422 1220 622 1285 similitudine
644 1231 697 1285 aut
719 1218 969 1286 dissimilitudine
991 1242 1056 1285 non
1085 1220 1163 1286 iudi·

108 1305 242 1372 candum
271 1328 342 1371 esse
375 1328 533 1385 censeam,
563 1308 695 1393 primum
727 1308 802 1371 mihi
834 1307 1071 1372 examinandum
1104 1320 1163 1386 est,

105 1403 192 1456 recte
213 1413 253 1455 an
275 1412 365 1455 secus
393 1393 482 1473 asyla
501 1393 556 1456 illa
582 1393 698 1477 templa
723 1413 743 1456 a
772 1388 847 1457 viris
876 1392 979 1458 doctis
1013 1392 1162 1472 dicantur,

107 1497 187 1563 quae
209 1477 404 1560 abantiquis
426 1477 620 1563 temporibus
642 1497 719 1562 prae
745 1478 857 1543 ceteris
884 1476 1071 1544 excelluisse
1092 1498 1162 1564 sup-

107 1564 205 1650 plices
227 1563 371 1630 seruandi
392 1572 549 1649 potestate
570 1561 742 1631 videantur.

461 1818 687 1919 uirus
721 1794 814 1917 ιιι.

195 1985 232 2050 In
253 1985 337 2050 hanc
355 1986 449 2072 igitur
479 1987 563 2051 viam
591 1984 717 2051 deducit
743 1986 942 2066 pecoralis,
975 1994 1009 2050 ut
1036 1987 1164 2074 vestigia

84 2069 267 2152 vasylorum
288 2093 362 2137 num
384 2073 417 2136 in
443 2072 666 2159 antiquissimis
689 2068 838 2137 Graeciae
860 2072 1054 2157 temporibus
1077 2075 1163 2138 inve-

106 2158 167 2222 niri
217 2158 318 2224 ossint
342 2157 531 2224 enucleatum
558 2166 628 2223 ante
655 2158 759 2221 omnia
785 2177 858 2220 num
890 2176 968 2242 quae
995 2158 1058 2220 sint
1085 2179 1165 2243 quae

107 2243 167 2306 viri
188 2180 275 2307 docti
296 2245 427 2306 inveniri
448 2242 571 2324 dicunt,
597 2262 637 2305 an
666 2241 832 2305 discrimen
851 2241 932 2303 iuter
954 2261 991 2304 ea
1013 2250 1044 2304 et
1067 2243 1164 2306 omni·

107 2347 160 2391 urm
181 2326 325 2390 fanorum
348 2346 542 2391 communem
564 2325 722 2411 supplices
744 2324 852 2391 tuendi
864 2323 1061 2410 potestatem,
1085 2350 1165 2415 quae

108 2415 212 2477 ἱκεσία
235 2412 362 2490 dicitur,
385 2410 503 2477 nullum
525 2411 575 2489 sit,
599 2410 812 2476 diiudicemus.
858 2417 906 2477 Ac
920 2413 1021 2497 primo
1040 2414 1172 2500 quidem.

107 2496 272 2561 Minervae
292 2508 354 2563 tem
378 2496 497 2561 lumin
519 2497 674 2583 Acropoli
695 2499 885 2562 Athenarum
912 2497 1072 2562 conditum
1095 2521 1164 2579 asy-

106 2581 173 2647 lum
194 2581 291 2647 fuisse
313 2519 420 2667 colligi
442 2582 525 2669 solet
547 2604 565 2647 e
587 2604 680 2647 causa
703 2578 959 2662 Cyloniorum2).
1007 2582 1163 2650 Lacedae·

107 2668 207 2732 monii
229 2669 312 2732 euim
333 2679 368 2733 ut
389 2669 450 2755 ipsi
472 2668 670 2734 iustissimam
693 2668 769 2733 belli
790 2668 945 2733 inferendi
966 2671 1088 2754 copiam
1110 2671 1163 2734 ha·

105 2753 219 2818 herent
256 2762 287 2817 et
320 2754 455 2818 Pericles
493 2755 737 2822 Atheniensibus
768 2755 856 2820 fieret
891 2754 1065 2821 invidiosus
1095 2766 1165 2822 stu·

108 2835 279 2902 diosissimi
300 2838 535 2907 Atheniensium
557 2840 799 2929 rempublicam
822 2842 1009 2948 expiandam
1029 2864 1099 2907 esse
1122 2842 1164 2908 ob

107 2922 227 2991 facinus
249 2924 282 2988 in
306 2925 460 3006 Cylonios
484 2929 696 3009 commissum,
726 2927 812 3015 quod
836 2953 872 2993 co
896 2929 977 3010 ἄγος
998 2929 1058 3005 τῆς
1080 2927 1167 2991 θεοῦ

32 3044 48 3071 s
108 3010 296 3094 appellatur,
320 3011 556 3082 contenderunt.
601 3015 684 3079 Nam
706 3014 811 3094 Cylon
833 3033 927 3098 quum
953 3011 993 3076 ab
1015 3010 1166 3097 Apolline

94 3165 97 3172 ι

106 3180 307 3192 m

177 3269 210 3332 l)
244 3266 281 3316 lta
299 3268 478 3319 iudicaverunt
495 3285 584 3322 omnes
602 3271 645 3334 qui
667 3269 710 3319 vel
734 3266 817 3317 obiter
838 3265 881 3318 vel
899 3267 933 3318 de
956 3264 1079 3319 industria
1102 3281 1165 3334 nay-

107 3333 189 3384 lcrum
208 3332 339 3384 historiam
364 3342 542 3386 tractaverunt.
585 3331 861 3400 murnentanus,
891 3337 933 3403 qui
952 3334 1032 3387 exiis
1054 3336 1167 3387 novissi-

4 3432 6 3437 <
107 3417 164 3482 mus
183 3401 275 3462 extitit,
293 3401 370 3453 dicit:
395 3403 463 3471 „das
480 3398 610 3454 belmonte
627 3400 763 3471 asylrecht·
773 3403 820 3454 der
839 3400 937 3482 griech.
959 3403 1053 3470 tempel
1071 3404 1103 3455 ist
1119 3400 1167 3457 nur

110 3485 152 3520 em
170 3469 231 3523 thail
250 3468 296 3522 der
314 3470 487 3540 allgemeinen
505 3470 754 3539 unverletzlichkeit,
778 3472 821 3523 die
840 3472 919 3537 peden
938 3473 1098 3542 gegenstand
1116 3470 1166 3526 he·
1267 3516 1274 3522 .

112 3539 180 3606 galli,
198 3538 313 3591 welches
330 3541 356 3590 lu
374 3540 466 3610 irgend
485 3540 543 3592 aina
561 3540 710 3610 berthrung
729 3541 774 3592 mit
791 3540 913 3612 lreiligem
935 3543 1022 3594 boden
1044 3550 1092 3594 trat
1113 3543 1166 3595 und

108 3623 188 3658 wenn
205 3608 291 3662 dieses
307 3609 382 3689 recht
398 3615 483 3677 opiter
500 3608 657 3660 bestimmten
678 3616 750 3691 osten
768 3626 816 3661 vor
834 3612 931 3663 andern
950 3610 1083 3729 beigeleqt
1099 3622 1165 3674 war,

109 3690 139 3728 so
158 3675 283 3728 bernhete
301 3677 356 3729 drea
373 3694 423 3731 nur
440 3677 486 3730 aui
501 3677 548 3729 der
565 3676 737 3746 allgemernen
759 3677 959 3748 unerlrennnug,
989 3679 1057 3731 welc
1078 3695 1092 3728 a
1115 3679 1163 3727 de·

108 3758 156 3795 ren
174 3744 310 3813 beiliglreit
327 3748 353 3796 in
371 3749 456 3800 ciuem
473 3749 598 3799 weneren
620 3746 705 3798 hreise
727 3746 819 3806 land“.
848 3756 880 3802 u.
903 3745 1090 3801 Gottesdienstl.
1114 3743 1164 3794 Al-

109 3810 185 3864 terth.
204 3814 279 3866 1846.
298 3818 324 3876 ὃ.
343 3817 384 3872 10.

147 3896 208 3975 ἆ)
244 3895 322 3976 Thac:
345 3897 369 3965 Ι,
396 3900 447 3952 1‘26
469 3914 524 4020 sqq.
558 3898 653 3953 heroo.
681 3898 710 3951 v.
738 3903 780 3956 ιι.
816 3898 890 3952 raus.
913 3896 965 3950 vn.
991 3894 1033 3949 as.
1073 3894 1162 3948 senon.

109 3963 237 4031 Aristoph.
256 3964 350 4032 Equrtt.
369 3983 393 4018 r.
411 3968 469 4026 4¹7.
524 3968 568 4021 lut.
587 3967 640 4043 Sol,
660 3968 699 4022 12.
