2788 4422
545 301 736 364 ..9-

8 480 9 485 ’
116 471 249 539 artitioes
260 471 288 547 ¹)
315 467 399 555 apud
419 468 517 533 Teios
539 467 768 545 habitaverant,
797 475 866 532 orta
893 474 994 532 autem
1015 465 1170 537 seditione
1218 522 1221 529 ,

114 559 274 645 Ephesum
310 553 531 640 confugerunt,
568 553 622 618 ubi
659 552 780 635 asylum
811 550 907 616 luisse
937 551 1170 619 celeberrimum

115 645 191 709 satis
214 651 323 707 notum
351 650 413 720 est,
450 648 564 726 postea
586 637 718 704 Lebedii
744 659 801 703 eos
828 658 1012 725 quamquam
1040 639 1171 704 infidum

116 752 153 797 ac
173 726 382 795 turbulentum
409 726 569 791 hominum
590 745 688 809 genus
710 734 812 805 erent,
841 734 972 810 propter
998 724 1170 791 incolarum

115 814 276 902 penuriam
306 823 490 898 receperunt
502 812 542 887 ²).
597 809 665 875 lam
692 810 767 875 satis
795 819 975 893 congestum
1002 821 1051 877 est
1077 820 1170 877 mate

56 892 60 899 ’
115 902 182 965 riae
195 899 240 982 ³),
273 897 356 963 unde
378 897 544 985 probabile
570 896 623 961 fiat
648 895 766 984 duplex
788 894 884 960 fuisse
905 893 1042 970 ἀσυλίας
1062 914 1172 980 genus,

116 984 247 1051 alterum
279 983 399 1069 aliquot
428 985 510 1048 locis
543 983 654 1062 sacris,
689 982 814 1069 templis
835 980 1001 1047 inhaerens
1027 989 1173 1068 tanquam

115 1069 167 1136 dei
182 1070 354 1156 proprium,
377 1066 571 1154 supplicibus
594 1077 734 1130 sanetum
755 1065 936 1152 perfugium,
959 1066 1088 1133 alterum
1110 1069 1172 1133 sia·

44 1222 47 1228 Δ
115 1154 197 1239 gulis
227 1153 406 1218 hominibus
432 1152 484 1218 vel
512 1151 644 1216 honoris
671 1149 723 1216 vel
756 1152 890 1215 muneris
922 1172 1014 1217 cause
1049 1153 1173 1237 publice

117 1237 348 1315 condonatum3
370 1246 466 1309 restat
487 1247 589 1302 autem
611 1246 645 1303 ut
667 1236 825 1301 videamus
847 1234 922 1321 quid
945 1237 986 1302 sit
1008 1257 1071 1322 quo
1094 1238 1173 1303 inter

116 1345 153 1412 se
175 1322 319 1388 differant
340 1321 390 1387 vel
418 1332 599 1409 congruent.
648 1323 697 1388 Ac
720 1321 821 1407 primo
848 1319 972 1406 quidem
1000 1320 1174 1389 differentia

115 1429 284 1494 permagna
306 1417 363 1471 est
594 1452 597 1457 >

202 1492 285 1557 Nem
306 1490 498 1576 singulorum
525 1488 644 1556 ἀσυλία
671 1498 784 1575 sponte
811 1488 904 1554 alicui
931 1489 1032 1570 datur,
1066 1493 1175 1580 templi

116 1576 172 1643 ἀσ.
195 1600 214 1642 e
235 1577 361 1642 numine
383 1577 520 1655 ducitur,
550 1574 725 1641 mortalium
747 1594 822 1639 vero
845 1584 908 1654 est,
931 1596 998 1641 eam
1013 1586 1079 1642 uta
1101 1599 1173 1645 nos·

117 1673 203 1742 cant,
225 1672 377 1742 tueantur,
401 1661 589 1750 amplificent
611 1662 839 1737 auctoritatem,
863 1659 918 1723 illa
938 1661 1058 1726 homini
1121 1676 1173 1732 ato

116 1749 305 1836 summisque
332 1747 446 1836 opibus
473 1758 505 1813 et
531 1747 707 1815 honoribus
728 1746 859 1831 'largiter
885 1750 1068 1833 praestanti,
1098 1749 1175 1817 haec

116 1856 192 1900 vero
215 1833 352 1900 demisso
375 1856 412 1899 ae
433 1835 548 1899 misero
570 1844 618 1900 est
632 1834 729 1911 bono,
752 1841 843 1919 atque
863 1831 935 1896 dum
953 1831 1050 1900 altera
1064 1837 1175 1902 sancu-

116 1929 194 2000 tate,
217 1920 387 2005 religione,
411 1919 598 1986 caerimonia
618 1929 736 1994 tantum
758 1926 874 2004 potest,
897 1917 937 1984 ab
960 1918 1057 1986 altera
1073 1925 1174 1989 omnis

117 2003 183 2084 dei,
208 2006 261 2093 qui
282 2006 349 2071 eius
371 2016 480 2072 auctor
502 2008 556 2086 sit,
585 2003 674 2071 abest
701 2005 958 2069 commemoratio
970 2006 1011 2082 ⁴).
1054 2007 1175 2074 Praesi-

117 2091 230 2159 sidiom
266 2101 368 2159 autem
401 2091 453 2157 vel
488 2091 694 2165 firmissimum
725 2091 885 2176 utriusque
921 2111 1085 2158 commune
1120 2105 1175 2163 esc

118 2177 208 2252 Quae
234 2199 327 2263 quum
356 2177 400 2243 ita
429 2178 506 2256 sint,
545 2188 597 2243 aut
624 2177 751 2241 alteram
782 2197 912 2240 necesse
938 2185 986 2240 est
1012 2199 1052 2243 ex
1079 2177 1177 2244 altera

119 2272 219 2327 ortam
241 2284 311 2325 esse
333 2270 385 2325 aut
407 2271 567 2345 utramque
589 2283 629 2324 ex
651 2282 715 2325 uno
737 2261 825 2323 fonte
846 2258 1018 2343 profectam
1040 2282 1101 2327 una
1121 2285 1176 2331 ex·

120 2345 228 2410 titisse.
272 2342 378 2428 Atque
398 2344 450 2406 hio
473 2345 598 2427 quidem
619 2343 692 2406 fons
714 2340 832 2409 ἀσυλία
854 2343 951 2408 verbo
973 2343 1034 2448 ipsi
1055 2349 1144 2419 inest,

204 2426 288 2492 Nam
309 2428 455 2514 primaria
476 2428 562 2494 verbi
589 2426 689 2494 forma
718 2426 800 2493 haud
828 2426 923 2494 dubie
949 2434 1057 2498 colam
1078 2433 1177 2502 fuerat

118 2513 311 2599 significans:
345 2514 377 2580 vi
399 2513 518 2601 aliquid
539 2534 649 2601 rapere
670 2513 712 2579 de
733 2514 895 2601 aliquc⁶),
919 2536 981 2599 que
1000 2539 1043 2583 ex
1062 2518 1177 2598 forma,

120 2620 199 2687 quae
224 2600 294 2685 ipsa
320 2598 445 2686 quidem
471 2599 578 2686 periit,
617 2600 708 2666 fluxit
740 2598 823 2680 σύλη
854 2600 1010 2682 nomen⁶)
1040 2606 1178 2690 generali

121 2780 319 2789 ---—---—.-

181 2884 217 2947 l)
251 2883 290 2935 De
316 2884 348 2939 iis
370 2901 394 2937 v.
419 2883 583 2954 Chislrull.p
616 2889 673 2942 lot.
699 2888 757 2942 138.
780 2905 851 2956 seqq.
888 2888 997 2944 Boeelrlr
1035 2889 1064 2944 6.
1091 2890 1117 2947 J.
1147 2895 1178 2951 ll,

120 2969 144 3018 p.
165 2953 224 3007 657.
242 2953 277 3005 cl.
296 2952 449 3007 Bernhardii
467 2957 525 3008 hist.
544 2957 589 3008 litt.
608 2956 699 3013 Graec,
716 2955 745 3010 ll.
763 2973 788 3022 p.
805 2959 865 3012 616.
1139 2994 1144 3003 ,
1213 2985 1220 2999 ·

188 3037 218 3100 2)
254 3036 334 3090 Strab.
352 3038 418 3090 XIV.
436 3054 463 3105 p.
480 3041 540 3094 643.
559 3041 599 3096 ed.
617 3041 740 3093 Siebenlr.
758 3042 790 3093 V.
804 3057 833 3111 p.
850 3040 903 3093 549
919 3055 990 3109 seqq.

188 3118 218 3183 3)
253 3118 311 3170 Non
329 3124 529 3173 commemoravi
548 3125 583 3175 tit.
601 3140 627 3175 n.
645 3125 723 3188 3537,
743 3125 803 3193 quia
821 3125 895 3175 nimis
908 3125 1036 3175 mutilatus
1053 3131 1100 3176 est.
1134 3125 1180 3177 Est

120 3194 204 3239 autem
223 3203 239 3237 a
259 3187 408 3243 Ptolemaeo
427 3190 460 3242 ad
478 3190 652 3259 Pergamenos
670 3195 761 3245 missus
785 3192 818 3242 ad
840 3192 910 3240 litem
934 3192 1046 3255 aliquam
1070 3206 1192 3258 compo-r

119 3254 231 3306 nondam
250 3258 283 3308 cl.
303 3258 434 3317 Boeclrlr.,
465 3274 549 3324 neque
567 3260 670 3309 laudavi
689 3277 714 3312 u.
734 3261 799 3318 107,
829 3258 856 3306 in
881 3272 932 3323 quo
955 3272 1032 3323 quum
1054 3258 1178 3324 Spartaco

120 3321 224 3374 Eumeli
242 3323 295 3373 ntro
321 3321 374 3385 (01.
399 3323 675 3387 cxrx-cxrt1V,1)
702 3322 812 3388 Bospori
835 3325 891 3393 regi
908 3323 1077 3379 Athenienses
1095 3328 1180 3380 hono-

121 3406 175 3442 rem
192 3387 317 3456 tribuant,
346 3389 380 3440 de
403 3389 456 3441 alio
481 3391 574 3458 regulo
596 3392 714 3457 Spartoci
738 3391 882 3460 propinquo
905 3402 998 3461 egunt,
1032 3397 1075 3477 qui
1097 3396 1180 3450 Atha-

120 3457 253 3509 niensibus
269 3459 475 3527 praerogativam
493 3462 665 3524 concesserit,
684 3462 756 3512 cuius
774 3461 853 3513 verba
877 3491 909 3501 —
932 3465 975 3512 acl
992 3484 1057 3516 κατα
1074 3465 1181 3533 γῆνκαὶ

118 3520 356 3645 κέτὰιὼθάλασσαν
391 3537 542 3597 supersunt,
580 3529 673 3597 quibus
707 3525 815 3581 ἀσυλίαν
848 3531 1021 3596 praecessisse
1054 3537 1181 3588 coniectat

145 3608 192 3644 oec
231 3633 236 3644 .

191 3673 223 3743 4)
257 3674 367 3728 Proxeni
385 3696 470 3749 neque
488 3696 597 3750 unquam
617 3685 683 3750 tepet
705 3682 823 3734 dicuntur
843 3697 929 3752 neque
946 3682 1013 3736 nllus
1031 3684 1095 3737 dccc
1111 3700 1180 3736 nnn·

121 3745 418 3866 lqlgpgquiipatqlgcretis,
438 3750 479 3801 eui
497 3752 558 3818 quia
581 3751 693 3818 hospitio
710 3752 820 3818 praesit,
847 3759 968 3821 pergrata
995 3752 1027 3803 sit
1047 3752 1105 3803 talis
1128 3751 1179 3801 lao-

191 3890 220 3955 6)
254 3889 311 3942 lloe
330 3889 446 3942 eiusdem
462 3891 540 3943 louis
558 3891 639 3943 verbo
657 3888 741 3963 σύρειν
758 3892 888 3959 probatur.

192 3972 224 4040 6)
260 3973 388 4042 Deinceps
406 3992 421 4027 a
439 3972 508 4044 eila
521 3977 624 4030 nomine
640 3977 748 4032 verbum
765 3977 844 4031 συλᾶν
861 3975 1002 4031 derimtam
1020 3975 1067 4025 est,
1101 3969 1179 4024 Simi-
