2788 4422
619 282 834 346 ..40-

193 465 294 524 antem
315 454 410 522 rebus
431 452 528 540 gestis
539 454 585 533 ¹),
608 453 662 539 qni
683 455 722 518 ah
744 450 850 516 Aiacis
872 446 993 514 sacello
1015 447 1098 514 iah
1139 448 1189 512 'na
1210 448 1254 513 in·
1303 492 1307 497 ι

193 542 262 609 sula
283 541 413 608 condito
437 538 596 626 supplices
619 549 762 604 oratores
782 534 887 620 abripi
913 534 1019 614 iussit,
1046 533 1080 600 in
1169 534 1256 599 auria

191 649 269 696 vero
299 649 368 692 cum
393 625 609 690 Demosthene
636 624 700 707 egit
726 642 784 686 nec
810 641 919 686 manus
946 620 976 685 ei
1008 618 1122 685 afferre
1144 618 1254 699 voluit,
1367 614 1369 651 ⁴

195 734 236 778 ue
262 713 421 776 minimum
447 709 573 796 quidem
605 718 817 793 argumentum
845 704 1028 772 sumendum
1062 716 1119 772 est
1172 705 1254 771 Nam
1368 740 1370 753 ι

194 798 261 863 eius
282 795 453 875 iracundia,
476 795 531 882 qui
552 795 634 861 adeo
656 816 697 859 ex
714 802 871 881 potestate
885 793 991 870 exivit,
1013 801 1049 856 ut
1068 792 1165 857 ullius
1180 801 1256 856 tem·

195 883 242 971 pli
263 883 455 948 sanctitatem
478 902 544 947 non
566 889 737 959 vereretur,
766 900 807 944 ne
829 879 911 959 asyli
934 877 1060 964 quidem
1081 878 1142 942 iuri
1165 876 1259 942 facile
1278 952 1285 969 ⁸

194 969 341 1055 parebat,
369 988 471 1053 neque
501 966 636 1032 Archias
659 964 880 1044 Demostheni,
918 984 1010 1050 quem
1037 965 1187 1048 gravitate
1220 984 1259 1027 ac
1371 962 1372 993 ³

196 1054 347 1137 dignitate
368 1050 563 1117 celeberrimi
582 1051 642 1117 viri
666 1050 802 1117 fortasse
830 1050 986 1116 cohibitus
1015 1049 1112 1136 paulo
1142 1048 1258 1112 diutius

196 1139 331 1204 cessarit
352 1137 502 1218 avellere,
530 1158 623 1223 quam
651 1147 788 1216 ceteros,
819 1138 932 1224 quibus
959 1135 1085 1222 quidem
1112 1134 1259 1221 quamdiu

195 1225 372 1311 pepercerit
393 1225 557 1296 nescimus,
580 1222 755 1288 libertatern
777 1234 830 1288 aut
849 1224 1061 1310 impunitatem
1083 1221 1259 1286 concessis·

197 1319 256 1386 set,
279 1310 306 1372 si
320 1310 367 1372 vir
389 1310 525 1391 optimus
540 1329 723 1391 permanere
743 1310 777 1374 in
799 1309 1074 1412 perfugioffsancto
1096 1305 1259 1371 voluisset,
1374 1304 1375 1341 ³

196 1392 305 1457 Verba
325 1399 428 1478 autem
449 1390 503 1454 illa
525 1390 748 1475 pulcherrima:
772 1398 917 1471 „symm
940 1417 965 1452 ω
987 1394 1062 1472 φίλι
1077 1389 1258 1465 Πόσειδον,

198 1479 246 1543 ἔτι
276 1476 340 1554 ζῶν
375 1476 587 1559 ἐξανισταμαι
613 1474 671 1540 rori
701 1474 801 1580 tepori.
833 1475 881 1555 τῷ
908 1475 944 1538 δὲ
967 1470 1172 1558 Ἀντιπάτρῳ
1206 1478 1259 1538 καὶ
1355 1468 1377 1515 ‘³

198 1559 393 1628 Μακεδόσιν
430 1557 498 1626 οὐδ’
537 1557 557 1624 ὁ
591 1556 651 1636 σὸς
686 1583 768 1636 ναος
805 1553 961 1643 καθαρὸς
994 1554 1260 1627 ἀπολέλειπταιί.
1377 1602 1378 1609 1

198 1646 428 1712 Demosthenes
451 1666 545 1731 quum
566 1655 697 1710 mortem
721 1646 781 1710 sibi
802 1645 919 1710 instare
940 1645 1081 1726 sentiret,
1103 1646 1261 1711 communi

200 1735 392 1798 Graecorum
413 1731 567 1815 religione
589 1730 700 1795 duetus
721 1730 831 1797 effatus
853 1742 916 1809 est,
949 1753 1011 1817 qua
1038 1732 1189 1816 sanguine
1209 1730 1261 1797 vel
1378 1714 1379 1735 ³

200 1816 351 1881 cadavere
372 1817 509 1880 humano
531 1816 648 1880 nullam
677 1815 728 1880 dei
753 1817 860 1882 sedem
887 1816 989 1919 pollui
1016 1816 1063 1883 fas
1094 1827 1168 1882 erat.
1216 1819 1260 1882 At

200 1902 384 1966 Plutarchus
406 1901 481 1965 lieet
502 1902 533 1965 in
556 1900 779 1967 Demosthenis
799 1904 862 1970 vita
881 1906 1021 1979 ασνλίας
1042 1903 1159 1969 nullam
1187 1903 1262 1969 fecit

201 1986 536 2071 commemorationem,
558 1987 591 2050 in
613 1988 676 2052 vita
698 1988 876 2076 Pompeii²)
899 1989 1039 2076 Neptuni
1058 1990 1207 2076 templum
1228 1989 1262 2052 in

200 2073 234 2136 in
263 2071 360 2152 asylis
389 2073 519 2138 Graecis
550 2075 753 2155 enumeravit,
791 2086 823 2140 et
856 2076 973 2141 Strabo
983 2077 1014 2160 8)
1047 2077 1262 2141 auctoritatem

202 2157 253 2224 dei
275 2167 390 2222 tantam
412 2157 509 2224 fuisse
534 2170 652 2236 narrat,
689 2171 724 2225 ut
750 2160 947 2226 Macedones
973 2162 1036 2247 ipsi
1063 2160 1201 2226 ἀσυλίαν
1229 2169 1262 2225 et

201 2244 359 2331 supplices
381 2243 506 2309 laedere
527 2256 718 2313 vererentur.
763 2247 865 2325 Quam
888 2247 931 2313 ob
955 2269 1019 2313 rem
1042 2248 1070 2312 si
1092 2248 1161 2333 quis
1177 2247 1262 2311 Stra·

202 2330 296 2395 bonis
318 2329 420 2394 verbis
442 2340 558 2394 tantam
581 2332 750 2395 attribuere
772 2334 859 2397 volet
881 2335 953 2410 vim,
977 2342 1010 2397 ut
1031 2334 1150 2397 etiarnsi
1164 2332 1262 2396 serio·

201 2436 253 2480 res
275 2415 445 2499 scriptores
467 2434 575 2499 parum
598 2424 770 2478 accuratam
792 2414 930 2491 ἀσυλίας
950 2417 992 2478 ab
1014 2420 1119 2498 ἱκεσίᾳ
1136 2417 1261 2482 distinc-

123 2534 126 2537 ·
202 2501 320 2566 tionem
342 2498 554 2577 exhibuerint,
580 2520 646 2563 rem
669 2497 845 2584 expeditam
869 2521 939 2565 esse
961 2512 1100 2576 censeat,
1127 2504 1157 2568 ei
1184 2523 1261 2588 quo·

203 2588 305 2651 minus
338 2584 520 2670 Neptunum
549 2606 638 2648 suum
670 2585 768 2662 colat,
805 2606 864 2669 ego
897 2607 963 2651 non
996 2588 1144 2666 obstabo,
1182 2588 1262 2653 illud

204 2681 305 2735 autem
328 2678 576 2752 argumentorum
598 2689 696 2753 genus
719 2690 782 2756 qno
806 2670 1032 2774 Goldhagenus
1059 2694 1192 2759 eumque
1213 2695 1262 2738 se-

204 2768 293 2820 cutus
321 2754 457 2818 Siebelis
481 2755 531 2820 usi
560 2754 730 2820 Pausaniae
741 2763 771 2830 ⁴)
796 2757 893 2822 verba
924 2753 1148 2841 nyauitaaon
1173 2755 1264 2845 ἱερὸν

203 2839 417 2914 Ποσειδῶνος
437 2838 520 2901 idern
532 2838 706 2922 significare
721 2851 814 2928 atque
829 2843 978 2923 asylum
991 2844 1131 2930 Neptuni
1144 2845 1261 2926 dicunt,

204 2925 296 2990 etiam
325 2933 418 3008 atque
443 2923 534 2988 etiam
561 2924 747 3011 repudiabo.
794 2927 880 3006 Quid
907 2929 1007 2994 enim?
1052 2931 1155 2996 Omne
1186 2940 1262 2996 tem·

195 3011 200 3019 '
226 3010 291 3075 lum
314 3008 401 3095 quod
423 3006 607 3092 ἁγιώτατον
628 3012 816 3098 appellatur,
839 3015 961 3096 asylum
983 3015 1049 3080 cst?
1093 3018 1195 3095 Quam
1216 3017 1263 3082 lu·

203 3032 292 3163 brion
318 3105 366 3161 est
391 3092 471 3160 haee
497 3094 669 3161 deliniendi
694 3100 760 3180 via,
793 3122 947 3187 quamque
974 3100 1125 3168 fluctuans
1153 3103 1264 3169 obser-

174 3263 175 3266 *
204 3183 289 3249 vatio
302 3183 341 3258 ⁶).
383 3177 566 3265 Ἀγιώῑαια
586 3181 731 3250 dicuntur
757 3187 854 3252 multa
879 3209 948 3252 cum
975 3198 1105 3275 proptep
1131 3190 1263 3255 auctori·
1313 3205 1319 3210 ·

209 3361 399 3373 *un—n·-

266 3441 304 3532 l)
338 3483 363 3519 a.
381 3467 445 3521 Plut.
478 3483 503 3521 r.
524 3469 595 3525 Dem.
612 3472 656 3526 29.

272 3559 303 3624 ’4)
339 3574 362 3610 c.
379 3560 424 3613 24.
1178 3574 1181 3580 ’
1246 3639 1253 3643 J

272 3643 303 3790 ip
336 3641 389 3778 iffi.
407 3645 450 3780 ἐς
467 3648 492 3784 44.
529 3647 563 3698 cl.
582 3645 624 3701 ra.
642 3646 748 3701 lucian.
768 3663 824 3702 ene.
851 3649 981 3704 Demosth.
1001 3666 1026 3718 p.
1045 3651 1088 3706 43.
1107 3653 1149 3710 46.
1166 3653 1208 3708 49.
1232 3642 1236 3646 ’

272 3817 303 3896 ᾗ)
337 3817 374 3869 ltu
392 3818 531 3873 llreuserus
555 3822 668 3887 (llellem
693 3826 867 3890 priesterstnat
889 3845 915 3895 p.
936 3829 1004 3894 147.)
1024 3829 1118 3897 templu
1136 3824 1265 3897 ἁγιώτατα

206 3881 249 3934 vel
266 3901 327 3962 αχια
345 3886 430 3968 dicta,
454 3905 561 3969 quornm
579 3907 699 3959 nnmerus
716 3895 841 3959 perfacile
860 3904 981 3966 augetur,
1011 3898 1131 3969 collegit,
1156 3914 1264 3967 quoram

207 3964 240 4001 ne
259 3957 455 4021 uniusquidem
476 3959 568 4010 ασνλία
586 3958 693 4023 probari
712 3969 803 4028 potest.
838 3965 932 4018 Verum
949 3975 1016 4020 errat
1031 3969 1071 4023 tir
1093 3968 1265 4033 doctissimus,
