2788 4422
634 262 743 365 ...6
788 298 831 310 ..-

212 429 310 510 dorus
331 429 485 495 lstrouius
511 429 636 517 quidam
661 431 827 515 (fingamus
855 430 937 494 enim
966 428 1043 504 hoc)
1066 427 1265 494 Herodotum

212 516 380 584 Istronium
399 513 533 580 fortunis
554 516 663 602 patriis
685 517 809 597 evertit3
852 515 913 580 iam
934 524 969 580 ut
981 513 1127 581 iudicium
1146 515 1264 580 subter·

212 603 323 686 fugiat,
363 601 489 665 Istrone
521 601 622 666 Teum
655 601 760 668 evadit
796 601 868 687 quia
900 604 1020 682 as'ylum
1052 601 1104 667 sit.
1163 600 1266 666 Hero·

214 686 308 753 dotus
329 693 431 751 autem
452 706 536 765 eum,
576 688 629 773 qui
652 687 712 753 iam
741 688 839 752 Teius
865 686 964 751 factus
990 695 1052 766 est,
1087 688 1267 773 persecutus

213 772 265 839 vel
293 773 395 859 ipsum
426 771 477 838 tel
500 768 564 837 eius
592 775 691 854 bona,
718 782 753 838 ut
782 771 844 837 sibi
866 770 1046 850 satisfaciat,
1076 773 1176 858 eripit.
1204 792 1266 857 quo

213 857 297 923 lecto
315 859 468 924 latronem
485 859 655 923 revertitur.
689 858 757 922 lam
771 879 812 922 ex
830 855 956 924 decreto
969 855 1133 938 Polydoro
1145 858 1269 922 Istrone

213 945 350 1010 versanti
363 951 387 1018 1)
410 944 449 1009 ab
473 943 642 1009 Herodoto
665 952 773 1030 erepta
795 940 879 1010 bona
900 952 1041 1030 repetere
1060 942 1143 1022 licet,
1189 943 1220 1006 ui
1241 941 1270 1007 si

213 1048 280 1097 non
301 1030 385 1094 ultro
408 1048 445 1093 ea
466 1031 666 1112 concesserit,
689 1052 708 1095 a
729 1030 845 1094 cosmis
859 1029 992 1096 reddere
1006 1029 1135 1113 cogitur.
1166 964 1270 1092 (llaec

214 1114 428 1201 interpretatio
450 1117 592 1181 maximis
614 1119 736 1183 laborat
758 1114 1004 1188 difficultatibus,
1040 1134 1107 1180 non
1134 1134 1197 1199 qno
1219 1134 1270 1178 res

214 1204 286 1289 ipse
306 1199 464 1288 impediat,
487 1202 652 1290 quominus
673 1212 736 1267 tam
757 1202 881 1289 iniquae
903 1200 1109 1287 postulationi
1121 1198 1271 1264 Teiorum

215 1288 371 1351 Istronios
407 1308 473 1350 non
508 1288 645 1356 defuisse
677 1295 859 1367 statuamus,
898 1284 957 1352 sed
990 1287 1087 1352 verba
1113 1285 1194 1349 tituli
1224 1306 1271 1349 re·

215 1378 362 1458 pugnent.
406 1368 488 1431 Nam
509 1371 586 1448 eius,
610 1372 663 1456 qui
678 1373 802 1433 lstrone
822 1371 931 1432 relicta
944 1372 1112 1453 implorato
1122 1371 1271 1431 Teiorum

216 1464 325 1521 sancto
348 1450 505 1539 praesidio
528 1455 625 1519 Teius
646 1453 715 1559 ipse
735 1452 836 1519 lactus
855 1462 953 1534 esset,
976 1452 1093 1517 nullam
1119 1454 1271 1517 rationem

217 1539 373 1605 decretum
396 1537 531 1604 habebat
553 1538 770 1622 (ἀδικησωντί
790 1560 865 1603 τινα
890 1541 1015 1617 Talea)
1041 1556 1142 1625 neque
1163 1549 1272 1627 putan-

217 1624 291 1692 dum
312 1622 433 1692 videtur
454 1625 532 1690 tanti
552 1624 627 1690 iuris
649 1623 744 1690 luisse
756 1625 905 1690 Teiorum
927 1625 1046 1707 urbem,
1073 1638 1107 1689 ut
1128 1625 1271 1713 supplex,
1293 1626 1298 1635 “

218 1733 312 1798 quum
346 1711 391 1776 ibi
425 1711 572 1796 impetum
608 1709 776 1779 adversarii
809 1712 929 1775 etiamsi
962 1712 989 1776 is
1024 1730 1090 1775 non
1121 1712 1182 1776 nisi
1218 1732 1274 1776 sua

216 1798 315 1882 ipsius
337 1797 423 1861 bona
443 1796 645 1876 vindicasset,
679 1795 864 1884 propulsare
885 1817 952 1862 non
978 1795 1146 1883 potuisset,
1179 1819 1198 1862 e
1220 1795 1272 1860 dc·

217 1890 303 1947 creto
324 1882 358 1944 in
379 1880 510 1966 patriam
530 1882 715 1959 reversus²)
737 1881 870 1948 ultorem
892 1890 1130 1971 persequeretur
1148 1891 1180 1948 et
1195 1901 1274 1969 quae

217 1965 325 2043 vellet,
348 1986 524 2032 cosmorum
547 1970 730 2034 auctoritate
751 1969 913 2055 acciperet.
980 2046 985 2053 .

304 2051 402 2137 Igitur
422 2073 462 2116 eo
484 2052 576 2118 facile
597 2052 783 2133 inducimur,
815 2063 850 2119 ut
871 2052 1025 2120 eiusmodi
1052 2050 1192 2118 ἀσυλίαν
1213 2052 1276 2116 tale

219 2146 342 2225 pactum
363 2137 548 2220 habeamus,
586 2161 649 2226 quo
673 2141 813 2206 civitates
839 2141 920 2205 inter
946 2163 981 2206 se
1003 2138 1212 2218 conveniant,
1242 2146 1276 2203 ut

219 2222 316 2290 altera
344 2234 453 2289 contra
475 2224 602 2291 alterius
628 2228 753 2313 rapinas
781 2236 813 2291 et
838 2227 974 2311 privatas
1000 2235 1032 2289 et
1062 2222 1205 2371 publicas
1229 2232 1276 2286 tu·

218 2310 337 2374 tissima
359 2311 413 2388 sit,
450 2317 483 2372 ut
505 2311 593 2375 brevi
617 2309 733 2376 dicam:
771 2311 951 2377 societatem
975 2310 1059 2372 omni
1083 2330 1120 2371 us
1142 2308 1277 2371 numeris

220 2392 403 2459 absolutam.
433 2391 538 2474 itaque
560 2390 601 2455 ad
621 2413 688 2456 eam
712 2390 960 2455 constituendam
985 2389 1160 2476 supplicum
1187 2411 1279 2455 causa

220 2477 300 2543 nihil
321 2475 414 2542 valet.
458 2476 541 2540 llaec
563 2474 628 2541 fere
649 2475 855 2542 sentientibus
878 2475 972 2540 nobis
998 2474 1142 2540 subvenit
1162 2496 1278 2542 novum

221 2561 380 2652 quoddam
404 2557 541 2635 ἀσυλίας
562 2582 677 2646 genus,
701 2561 789 2646 qued
811 2561 953 2647 singulos
975 2560 1132 2639 homines,
1158 2562 1280 2641 etiamsi

221 2670 287 2714 non
308 2649 340 2711 in
354 2644 445 2728 asylo
462 2656 576 2727 essent,
600 2646 639 2712 ab
661 2647 771 2712 hostili
791 2648 908 2735 impetu
929 2646 1081 2711 tuebatur.
1115 2647 1163 2708 Ac
1176 2649 1278 2733 primo

222 2734 347 2822 quidem
376 2732 543 2817 proxenis,
577 2754 709 2818 quorum
741 2735 809 2799 iura
828 2754 865 2797 ac
890 2731 1053 2820 privilegia
1081 2728 1220 2797 Meierus
1246 2735 1280 2797 in

223 2820 347 2905 egregia
383 2817 556 2905 scriptione
571 2817 603 2894 ³)
627 2821 794 2905 exposuit,
828 2827 952 2907 praeter
985 2826 1107 2883 ceteros
1139 2819 1280 2885 honores

226 2992 425 3002 ...αα-...σ-ι

222 3083 323 3143 pelunt,
350 3074 456 3127 decreto
480 3074 569 3127 iubent
590 3077 654 3130 fleri.
677 3078 782 3147 (3040.)
809 3075 954 3149 „dndpxsw
977 3080 1004 3130 tt
1030 3070 1119 3138 adroic
1140 3075 1211 3149 παρὰ
1231 3079 1281 3130 τῶν

211 3141 343 3197 'Aledius’
359 3144 405 3201 τᾶς
421 3163 448 3194 τε
465 3141 557 3203 πόλιος
576 3149 620 3197 καὶ
639 3147 686 3204 ταῖς
707 3149 790 3217 χώρας
805 3146 854 3197 τάν
871 3140 1002 3217 ἀνιέρωσιν
1019 3150 1062 3198 καὶ
1078 3144 1126 3198 τάν
1143 3139 1280 3198 ἀσυλίαν.“

222 3228 290 3296 quae
309 3212 345 3264 ita
364 3211 592 3265 circumscribitur:
610 3218 734 3296 „pedem
750 3218 810 3271 Αἰτ.
827 3216 893 3285 μηδὲ
910 3216 960 3265 τῶν
977 3220 1004 3266 ἐν
1021 3211 1083 3268 Alc.
1102 3210 1282 3265 καταικεόνταν

224 3300 294 3346 aym
310 3276 369 3336 cede
394 3285 490 3346 quenc
506 3282 572 3350 μηδὲ
593 3300 653 3339 τινας
676 3285 703 3334 ἐν
724 3287 777 3350 Τέῳ
795 3287 969 3342 κατοκνέοντας
985 3282 1142 3354 μηδαμόθεν
1163 3277 1282 3350 ὁρμωμέ-

223 3367 282 3407 νους
300 3340 365 3398 ἀλλὰ
380 3342 428 3397 τάν
446 3341 587 3416 ἀσφάλειαν
602 3351 645 3401 καὶ
663 3342 772 3401 ἀσυλίαν
788 3354 859 3420 εἶμεν
875 3344 966 3409 αὐτοῖς
982 3374 1003 3407 κ,
1016 3375 1039 3405 c.
1052 3355 1075 3408 l..
1100 3349 1283 3401 Eleuthernuei

223 3417 307 3467 minus
325 3423 444 3467 accurate
462 3415 586 3469 definiunt
601 3433 655 3468 rem
673 3419 708 3468 tit.
726 3418 805 3472 3047.
840 3417 947 3470 Ceteros
965 3435 1041 3487 quum
1058 3416 1123 3470 nilril
1139 3418 1201 3468 novi
1217 3431 1283 3468 eon-

223 3484 328 3547 tineaat‚
345 3497 378 3531 ne
395 3480 489 3551 longus
509 3487 556 3535 sim
573 3487 755 3552 praetermitto.
771 3502 796 3538 v.
809 3502 890 3554 usque
903 3485 936 3538 ad
955 3486 990 3542 tit.
1001 3490 1082 3553 30523
1100 3487 1136 3536 tit.
1146 3485 1283 3539 men-st

225 3550 300 3621 nimis
317 3550 423 3601 mutilati
440 3557 506 3602 sunt.

294 3633 323 3698 l)
351 3640 554 3702 παραγενομένῳ.
576 3641 784 3707 παραγίγνεσθαι
806 3637 917 3691 refertur
938 3638 972 3690 ad
989 3639 1077 3692 locum
1093 3636 1138 3691 ubi
1156 3635 1285 3689 decretum

226 3705 323 3757 lactum
341 3707 386 3752 est.
403 3715 429 3752 v.
447 3700 566 3759 Bocclsh.
584 3702 617 3756 ad
635 3721 662 3757 n.
679 3705 757 3762 3048.

292 3787 327 3855 2)
353 3785 468 3849 accedit,
495 3786 565 3854 quod
588 3804 642 3842 non
660 3788 693 3843 de
710 3805 815 3843 reverso
837 3787 1021 3857 ἐπανελθόντι,
1038 3791 1086 3845 sed
1108 3789 1142 3843 dc
1159 3788 1286 3856 praenotati

226 3857 420 3923 παραγενομένῳ
438 3855 531 3923 egitur.
1133 3874 1137 3879 ·

297 3938 330 4005 3)
360 3937 399 3991 lle
416 3939 541 4005 proxenie
557 3938 614 3992 sive
631 3938 665 3991 dc
685 3939 792 4006 publico
814 3942 934 3996 Graecos.
959 3943 1070 4012 hospitio
1097 3940 1285 4006 commentatio,
