2788 4422
539 308 753 373 ..51-

116 469 239 541 dentiae
261 466 477 540 dominatione
498 470 590 540 iatius
611 486 738 564 potants
759 494 816 563 per
837 446 947 542 sooula'
960 475 1083 564 aliquoi
1108 489 1172 540 out·

14 612 15 631 i
114 564 192 627 'nino
215 563 314 626 minus
342 559 551 660 frequentata,
581 567 661 627 inter
684 580 793 627 omnes
820 564 954 627 maxima
976 564 1073 629 servis
1098 580 1173 627 cou-

14 648 15 663 ³
115 664 218 726 cessa,
256 646 297 711 ab
318 643 460 735 ingennus
486 664 614 732 perraro
643 648 798 734 quaesita,
839 650 1024 735 scriptorum
1046 648 1172 714 silentio

36 736 39 741 ’
114 750 233 820 pressa,
262 741 424 818 postromo
445 731 578 797 vincum
600 734 794 797 Graecorum
817 735 955 816 piatatis,
983 736 1097 801 amoris
1119 752 1172 820 pa·

115 819 205 896 triae,
227 812 446 898 verocundiae,
470 818 692 903 obsequiorum
716 815 894 896 dissolutio,
923 818 1097 887 civitatibus
1118 818 1172 883 da·

114 902 233 968 diriono
255 924 291 966 ae
313 903 460 968 servituis
484 900 661 967 dissociatis
690 902 864 986 divulgata,
895 905 1078 968 auctoritate
1105 905 1172 989 qui·

13 1018 14 1041 1
113 988 184 1053 dem
206 1008 247 1053 ex
267 989 490 1076 antiquissimis
512 990 705 1073 temporibus
728 988 917 1054 et'numiuis
938 990 1098 1053 sanctitate
1124 1008 1172 1052 re·

113 1076 208 1160 petita
225 1074 318 1154 culta,
342 1094 418 1138 mox
440 1083 682 1158 nutemmagnae
705 1084 736 1139 et
756 1075 1047 1160 perniciosissimae,
1070 1082 1103 1137 ut
1118 1095 1171 1138 na·

112 1176 200 1224 oesse
222 1169 304 1235 erat,
328 1158 472 1222 licentias
493 1159 743 1245 frequentissima
765 1159 968 1246 receptacula.
1013 1157 1127 1224 Pollux
1143 1160 1171 1233 ¹)

112 1245 166 1335 qui
189 1266 207 1308 e
228 1244 433 1329 grammaticis
455 1254 486 1309 et
507 1243 742 1332 lexicographis
765 1245 894 1309 Graecis
916 1260 995 1310 uuus
1011 1244 1171 1327 asylorum

111 1329 174 1392 sim
202 1340 235 1393 et
260 1330 420 1394 notionem
448 1328 675 1399 circumsoribit
700 1330 749 1395 his
770 1348 845 1395 usus
867 1330 983 1395 verbis:
1006 1337 1033 1395 st
1056 1332 1091 1394 del
1116 1332 1173 1394 uel

109 1411 236 1481 davide
267 1434 301 1479 τι
329 1412 377 1497 εἰἠ
405 1413 504 1477 τοῦτο
532 1410 798 1525 uoqgcptiyurou')
831 1418 901 1497 llys
931 1418 987 1479 καὶ
1014 1411 1169 1503 φύξιμον.

111 1503 163 1563 καὶ
186 1494 293 1583 ἱεροὺς
310 1494 427 1582 ὅρους,
462 1494 552 1573 ἐντὸς
573 1522 618 1563 ων
640 1503 758 1573 ἱκέταις
785 1495 950 1583 ἀσφάλεια
966 1500 1010 1578 ⁸),
1050 1507 1169 1563 teritum

110 1583 339 1669 praetermittit,
361 1590 524 1669 quantum,
548 1585 601 1668 qui
623 1582 725 1648 uultus
747 1603 856 1647 causas
879 1606 897 1647 e
918 1600 991 1648 vera
1012 1583 1171 1647 numinum

113 1668 245 1732 notione
264 1686 387 1748 susara,
410 1677 514 1733 erutas
536 1668 617 1735 inter
640 1691 675 1733 sa
696 1679 883 1733 oonneotere
904 1690 970 1733 non
992 1671 1034 1734 ita
1057 1671 1167 1754 potuit,

110 1758 145 1819 ul
168 1764 262 1819 nasta
297 1756 445 1819 memoria
471 1755 547 1819 viris
575 1754 765 1820 doctissimis
792 1752 825 1819 in
852 1755 946 1823 rebus
979 1754 1171 1838 mythologi-

109 1840 156 1903 eis
184 1838 418 1905 elaborantibus
450 1841 597 1925 contigit,
631 1839 724 1905 iaoila
748 1840 972 1923 ignoscendum
1005 1850 1061 1904 ost.
1117 1840 1170 1903 lix
1236 1924 1239 1928 4
1330 1900 1335 1905 .

150 1936 198 1990 rto
224 1920 349 2010 quidem
375 1924 479 2012 aliqua
512 1927 681 2011 Servios⁴)
715 1925 872 2006 subvenit,
910 1929 963 2012 qni
996 1925 1169 1990 reatissims

132 2011 201 2077 ieit:
238 2011 351 2092 „asyla
377 2030 442 2075 non
471 2014 602 2076 suntin
630 2011 775 2075 omnibus
806 2012 930 2097 templis
961 2012 1022 2075 nisi
1041 2012 1082 2074 in
1112 2011 1167 2088 iis,

108 2097 221 2182 quibus
243 2095 313 2181 loga
335 2099 580 2162 consecrationis
602 2106 651 2160 est
673 2102 882 2163 conoessum‘t
926 2098 969 2161 Aa
984 2095 1170 2180 relinquitur

107 2182 265 2267 quaestio,
302 2184 355 2267 qui
376 2182 490 2246 iactum
513 2184 568 2259 sit,
605 2190 640 2244 ut
667 2190 751 2244 oerta
774 2179 925 2265 quaedam
947 2181 1064 2264 templa
1087 2179 1168 2259 asyli

107 2266 175 2330 istu
195 2265 407 2330 eiroolluerint.
453 2268 525 2342 Qus
547 2265 588 2329 de
608 2266 793 2349 quaestione
815 2284 907 2350 quum
924 2265 984 2329 siis
999 2265 1167 2328 oooasioue

108 2350 183 2416 data
204 2360 237 2415 ut
266 2346 364 2416 insius
391 2370 479 2435 agam
506 2350 675 2415 laetissimo
704 2351 808 2415 animo
835 2350 909 2413 mibi
936 2350 1165 2501 proposuerim,

107 2436 160 2500 hio
188 2436 332 2502 brevibus
357 2437 463 2503 verbis
493 2436 569 2524 quid
597 2437 727 2501 santiam
758 2432 942 2505 sdsoribam.
1019 2435 1167 2500 iuuerunt

7 2522 8 2587 Τ
107 2518 197 2602 asyla
228 2542 247 2586 e
278 2525 467 2587 numinum
495 2522 683 2606 singulari
710 2530 747 2585 et
773 2523 934 2609 propris
961 2523 997 2584 vi
1025 2530 1062 2585 et
1094 2540 1166 2584 na-

106 2616 199 2672 tura.
795 2658 798 2665 ,

195 2693 297 2769 Quam
317 2691 360 2756 ad
386 2710 451 2757 ram
478 2690 693 2779 sspiioandam
720 2689 917 2768 Plutarchi⁵)
944 2696 1174 2754 commemora

105 2777 152 2841 tio
187 2776 238 2842 dei
267 2775 454 2859 Ἁσυλαίου,
493 2800 584 2864 quem
617 2779 746 2843 omnino
780 2778 899 2842 nullum
933 2798 1003 2842 assa
1042 2776 1166 2851 scimus,

106 2861 186 2926 uihil
208 2883 268 2927 nos
292 2862 431 2942 adiuvat,
453 2874 485 2929 et
507 2864 695 2948 cognomina
718 2861 856 2946 Σωτήρ,
883 2858 1026 2943 Σώτειρα
1038 2861 1068 2944 ⁶)
1089 2857 1166 2924 'Ale-

107 2948 249 3028 ξίκακος,
267 2943 506 3032 Ἀποτρόπαιος
520 2959 578 3018 etc.
600 2948 692 3014 latius
714 2959 823 3034 patent
845 2970 935 3034 quom
958 2957 992 3013 ut
1006 2945 1166 3028 asylorum

106 3033 233 3097 numina
254 3032 327 3098 inde
351 3034 427 3096 satis
453 3044 538 3098 certo
566 3044 805 3119 cognoscantur.
864 3030 1165 3101 Aocomodatissimn

105 3128 156 3184 est
176 3118 224 3183 vis
245 3136 369 3204 eorum,
403 3138 482 3204 quae
508 3139 575 3189 non
599 3118 699 3185 modo
727 3119 807 3187 tueri
829 3128 861 3183 et
883 3114 916 3185 iu
938 3117 1068 3203 aliquod
1089 3126 1164 3181 tem·

176 3351 204 3413 l)
238 3354 257 3404 l.
275 3350 318 3406 16.

173 3436 203 3498 2)
237 3429 411 3551 quqpniyrror.
428 3449 455 3484 r.
474 3432 559 3499 Etym.
577 3432 642 3485 (iud.
661 3450 674 3486 s
700 3451 725 3484 v.
744 3433 836 3484 Zonar.
855 3451 876 3489 s.
892 3452 917 3486 v.
936 3433 1104 3493 otl'ittmauu.
1122 3435 1164 3487 ud.

104 3503 131 3554 lt.
150 3502 168 3554 1.
203 3502 246 3553 Sui
266 3517 295 3553 as
312 3518 333 3555 s.
352 3516 378 3553 v.
397 3500 516 3553 Genersii
533 3503 638 3553 notione
657 3502 733 3554 utitur
751 3502 844 3554 ilered.
866 3500 895 3554 V.
915 3500 973 3556 ist.
1010 3500 1043 3554 ci.
1063 3502 1163 3559 delion.

102 3570 134 3623 lt.
150 3587 175 3629 a,
191 3570 234 3622 iv.
251 3570 299 3635 uo,
317 3568 362 3619 ubi
379 3568 526 3641 glouemat
542 3567 685 3640 καταφυγή.
703 3563 823 3639 rixabuntur
839 3571 881 3625 od.
900 3571 1005 3629 laoobs.
1024 3573 1043 3623 l.
1062 3590 1086 3639 p.
1106 3572 1164 3627 169.

103 3638 146 3703 Ρμ
165 3639 227 3693 bue.
244 3653 302 3695 eac.
319 3637 391 3691 Dem-
409 3640 452 3697 52.
469 3640 496 3692 t.
531 3639 598 3690 Vide
616 3648 697 3706 praet.
716 3638 817 3695 boeck,
836 3640 903 3694 Cret
922 3657 948 3706 p.
967 3642 1011 3695 un.

172 3724 202 3787 3)
236 3720 280 3774 otc
299 3720 434 3775 Rekkaous
451 3722 493 3774 ad.
512 3722 612 3775 l'oilna
632 3725 699 3779 loto
716 3724 791 3791 legit

173 3808 202 3870 4)
237 3805 270 3856 ad
288 3806 360 3875 Virg.
375 3805 450 3859 Aen·
462 3807 494 3860 11.
512 3808 572 3863 761.

175 3900 205 3964 b)
239 3898 270 3948 V.
288 3898 400 3954 llomnli.
418 3901 484 3954 ait

176 3990 206 4056 6)
242 4005 265 4046 v.
283 3988 405 4042 Gorbard.
424 3990 455 4046 V.
474 3991 504 4045 G.
522 3988 654 4043 Prodrom.
672 3991 706 4044 st
723 4006 778 4060 sqq.
797 3990 856 4043 adn.
876 3990 926 4042 ltu
943 4004 997 4057 sqq.

918 4075 938 4136 4
949 4073 966 4111 a
