2788 4422
643 271 857 335 ..36-

220 439 441 527 Aristophanis
473 437 707 526 interpretibus
727 449 761 505 et
794 460 814 503 a
845 435 1013 503 Plutarcho
1044 436 1277 504 Atheniensium

221 529 419 593 commissum
441 525 612 591 excusandi
632 546 725 589 causa
746 522 885 589 traditae.
932 523 984 587 Ne
1004 522 1068 587 hoo
1087 523 1210 610 quidem
1226 546 1277 590 ne·

220 611 400 701 gligendum
422 621 479 678 est.
522 612 559 675 Si
580 608 728 696 templum
751 608 916 674 Minervae
941 608 1153 694 impunitatem
1175 609 1278 675 dedis·

221 709 269 764 set
289 695 483 782 supplicibus
506 731 546 742 -
569 696 604 760 id
626 696 714 782 quod
736 695 905 760 Pausanias
932 694 1015 759 haud
1039 693 1134 760 dubie
1155 696 1277 780 egregie

221 784 425 847 scivisset-
449 802 503 845 cur
529 802 594 847 non
623 790 697 846 tunc
722 780 763 846 ad
791 781 964 847 Minervam
992 780 1149 864 confugit,
1184 803 1277 867 quum

221 870 354 954 primam
375 868 416 933 ab
438 867 576 952 Ephoris
604 866 890 953 deprehenderetur
916 876 948 932 et
972 867 1005 930 in
1034 867 1156 932 vincula
1182 867 1278 933 conii·

193 1006 195 1015 ,
220 954 391 1031 ceretur¹)?
413 974 545 1038 namque
558 962 752 1039 sperauerat,
776 955 923 1039 pecunias
945 951 1107 1037 largiendo
1130 975 1164 1018 se
1186 954 1277 1019 abso·

180 1056 181 1062 ’
221 1039 320 1104 lutum
341 1038 397 1118 iri,
425 1060 486 1124 qua
507 1060 564 1125 spe
586 1061 679 1125 quum
699 1037 796 1104 falsus
819 1039 880 1104 sibi
901 1039 1057 1104 videretur
1078 1062 1162 1117 esse,
1193 1038 1278 1104 haud

221 1124 348 1191 aliunde
384 1123 480 1188 ullum
511 1125 701 1211 praesidium
733 1124 850 1190 firmius
878 1126 908 1189 ei
929 1125 1125 1191 subvenisset
1146 1146 1278 1211 quame

220 1211 340 1297 templo
362 1211 574 1296 impunitatem
597 1212 736 1279 donanti.
781 1210 894 1296 Neque
916 1212 1020 1290 video,
1045 1233 1108 1298 quo
1130 1221 1225 1297 pacto
1245 1211 1278 1275 in

219 1296 395 1382 republica,
433 1296 519 1361 cuius
545 1298 728 1378 gravissima
754 1306 894 1382 potestas
915 1298 949 1361 in
971 1298 1121 1363 societate
1141 1308 1172 1363 et
1194 1319 1276 1363 com·

220 1380 368 1446 munione
395 1378 530 1442 omnium
565 1399 657 1462 quam
688 1382 860 1442 arctissima
881 1383 1035 1444 servanda
1062 1383 1166 1463 posita
1198 1392 1276 1460 erat,

219 1466 312 1533 turba
337 1463 495 1527 homiuum
522 1484 547 1527 a·
573 1464 683 1527 ceteris
712 1463 850 1528 seiuncta
877 1473 909 1527 et
939 1464 978 1529 ab
1007 1464 1151 1530 omnibns
1181 1465 1276 1545 ludis,

218 1551 326 1630 sacris,
349 1548 502 1631 conuiuiis
524 1548 653 1614 exclusa
673 1548 705 1611 in
725 1548 798 1613 luco
826 1570 917 1614 sacro
939 1550 1123 1615 habitaverit
1146 1552 1178 1614 in
1202 1573 1276 1616 con·

178 1636 181 1641 ’
219 1646 328 1724 spectu
351 1636 495 1704 omnium.
540 1634 592 1699 An
614 1657 689 1700 vero
713 1635 882 1720 putandum
904 1645 961 1715 est,
985 1636 1155 1701 Pausaniae
1177 1647 1276 1703 aetate

221 1723 397 1809 quiorrnque
423 1722 563 1786 facinore
593 1722 760 1787 commisso
787 1742 886 1806 usque
913 1721 953 1786 ad
982 1723 1130 1808 templum
1158 1723 1276 1788 Miner·

218 1830 277 1873 rae
297 1810 456 1873 venissent
483 1804 655 1891 supplices,
681 1807 862 1892 impunitate
883 1828 959 1872 usos
982 1812 1060 1873 cum
1073 1811 1184 1873 ceteris
1204 1810 1275 1875 civi-

218 1894 277 1958 bus
300 1894 367 1978 pari
388 1892 456 1955 iure
467 1891 601 1956 vixisse?
646 1891 720 1956 Hoc
741 1893 883 1979 proiecto
906 1916 1013 1981 parum
1036 1895 1203 1978 probabile
1218 1905 1274 1975 est,

219 1978 293 2063 quin
315 1979 354 2044 ab
376 1977 521 2042 omnibus
543 1978 707 2043 reiiciatur.
740 1980 885 2044 Attamen
900 1982 1043 2060 Byzantii
1059 1984 1193 2047 narratio
1210 2005 1275 2047 non

217 2065 258 2129 ab
274 2063 418 2129 omnibus
432 2062 573 2150 partibus
584 2064 791 2150 improbanda
805 2076 921 2131 tantam
933 2068 1078 2153 pietatem
1089 2079 1121 2132 et
1130 2090 1274 2134 verecun-

217 2149 299 2215 diam
314 2149 631 2216 Lacedaemoniorum
641 2151 806 2217 fuissenos
818 2153 976 2239 praeclare
992 2155 1093 2230 docet,
1105 2164 1137 2218 ut
1154 2164 1275 2238 praeter

216 2235 400 2302 Pausaniam
427 2236 545 2302 nullum
572 2259 707 2323 unquam
733 2239 904 2326 supplicem
925 2238 1089 2305 Minervae
1111 2240 1273 2305 violarent.

305 2323 395 2399 Quae
426 2343 520 2407 quum
553 2322 595 2387 ita
623 2325 699 2404 sint,
733 2326 876 2410 equidem
903 2348 968 2390 non
995 2327 1088 2393 video
1116 2339 1147 2391 et
1174 2347 1275 2411 neque

217 2408 378 2497 quisquam
406 2417 482 2492 puto
514 2406 646 2485 videbit,
682 2430 753 2472 esse
778 2410 961 2494 quidquam,
1000 2433 1063 2494 qno
1092 2410 1273 2476 Chalcioeoi

215 2495 320 2559 fanum
355 2514 430 2579 prae
467 2493 577 2557 ceteris
614 2492 769 2577 singulare
806 2493 977 2580 perfugium
1013 2506 1172 2581 appareat,
1208 2495 1275 2584 quo

174 2593 179 2607 '
215 2580 386 2645 Pausaniae
407 2578 451 2642 ibi
473 2600 530 2664 per
554 2588 649 2645 atrata
671 2579 783 2643 caedes
801 2580 924 2664 turpior
946 2580 1002 2659 sit,
1026 2602 1117 2664 quam
1139 2583 1272 2648 aliorum

214 2666 284 2731 aliis
312 2667 344 2729 in
373 2663 455 2728 fanis
481 2600 621 2731 violatio.
675 2664 783 2749 ltaque
811 2663 987 2747 Siebelis²)
1015 2686 1187 2751 omnesque
1213 2668 1272 2732 uiri

215 2751 316 2830 docti,
340 2749 394 2835 qui
417 2748 635 2814 Chalcioecum
657 2749 690 2811 in
713 2749 933 2832 antiquissimis
955 2749 1053 2831 asylis
1075 2772 1271 2819 enumerave-

213 2845 302 2916 runt,
325 2834 401 2897 mihi
422 2833 567 2898 ridentur
590 2854 703 2898 erasse.

300 2921 411 3006 Neque
433 2917 518 2983 aliud
541 2917 616 3003 quid
637 2918 828 2984 inveniemus
851 2921 878 2985 si
901 2922 1062 3007 progressi
1089 2923 1202 2988 erimus
1229 2923 1271 2988 ad

213 3030 296 3073 aram
319 3007 440 3069 Dianae
465 3003 674 3086 Monychiae,
703 3005 743 3069 de
766 3026 828 3091 qua
849 3008 1093 3073 Demosthenem
1104 3009 1135 3085 ⁸)
1163 3008 1271 3075 audire

189 3095 305 3160 =nobis
333 3100 428 3158 vacat.
479 3091 510 3156 ls
539 3090 634 3155 enirn:
666 3087 876 3176 πάνταγὰρ,
905 3094 1018 3179 inquit,
1049 3089 1108 3159 τὸν
1128 3093 1269 3179 πόλεμον

211 3182 276 3246 τῶν
303 3172 496 3244 ἀποστόλων
530 3182 730 3260 γιγνομένων
761 3176 847 3239 κατὰ
869 3185 927 3242 τὸν
959 3176 1062 3261 νόμον
1090 3178 1148 3243 τὸν
1181 3180 1268 3263 ἐμὸν,

212 3265 272 3349 οὐχ
302 3264 465 3346 ἱκετηρίαν
493 3263 594 3339 ἔθηκε
620 3261 818 3346 τριήραρχος
844 3260 948 3339 bridric
974 3260 1107 3328 mdaod’
1136 3259 1179 3338 ὡς
1200 3262 1269 3329 ἀδι-

212 3348 369 3432 κούμενος
401 3342 475 3427 παρ’
503 3344 594 3429 ὑμῖν,
627 3344 688 3409 οὐκ
719 3352 753 3411 ἐν
781 3348 963 3432 Μουνυχίᾳ
989 3350 1177 3427 ἐκαθέζετο,
1207 3347 1269 3435 οὐχ

210 3431 276 3497 ὑπὸ
297 3433 361 3496 τῶν
383 3428 592 3509 ἀποστολέων
614 3431 722 3508 ἐδέθη.
767 3430 852 3506 Quid
873 3432 975 3497 enim?
1005 3433 1108 3498 Licuit
1128 3431 1269 3498 ἀποστο-

210 3516 318 3581 λεῠσνν
339 3514 402 3580 illis
426 3535 492 3595 eos,
517 3516 570 3601 qui
591 3514 745 3580 tardando
762 3522 971 3604 τριηραρχίας
986 3538 1096 3584 munus
1112 3518 1267 3585 molestis-

267 3785 306 3850 ⁴1)
340 3782 420 3838 Thac.
438 3784 458 3838 1.
477 3783 535 3836 131.

275 3867 306 3930 2)
340 3866 374 3917 ad
392 3863 466 3918 Pano.
484 3865 503 3918 1.
521 3866 538 3919 l.
557 3864 683 3933 „Asylum
701 3884 768 3937 ergo
786 3869 834 3921 luit
852 3868 1003 3924 Chalcioeci
1020 3870 1171 3938 templnm“.

275 3957 306 4020 3)
341 3961 398 4027 περὶ
416 3977 485 4026 carp.
503 3973 529 4023 p.
547 3957 608 4011 26²·
628 3959 661 4011 lb
678 3974 731 4027 sqq.
767 3962 800 4013 ci.
819 3961 954 4020 l‘ittmrnn.
972 3962 988 4016 Ι.
1008 3981 1029 4020 c.
1048 3980 1072 4032 p.
1092 3967 1150 4020 ma

1390 2132 1393 2187 l
