2788 4422
572 218 789 369 -νε-

145 439 216 525 pius
247 436 300 505 liat
335 456 427 524 quam
461 435 574 503 similia
604 439 636 503 in
667 439 739 506 aliis
770 438 894 528 templis
928 445 1119 515 commuta?
1166 449 1208 518 Ut

145 524 275 590 omnino
316 520 474 603 homines,
515 525 774 610 quemadmodum
812 548 907 614 supra
939 528 1089 613 diximus,
1128 534 1204 601 mul·

145 611 184 675 tis
208 634 248 675 ex
271 612 371 676 causis
394 609 463 674 aliis
490 612 683 697 temporibus
713 612 766 677 alii
788 612 877 679 aliter
904 612 946 680 dc
967 618 1119 704 supplicis
1140 641 1207 687 noa

143 697 279 763 insontis
301 695 425 763 fortuna
451 708 630 775 senserunt,
662 698 705 762 ita
727 698 849 765 dehoc
876 720 1004 787 quoquc
1034 704 1205 775 Pausaniae

144 785 245 861 exitu,
268 805 359 869 quem
380 782 591 849 Athenienses
613 786 726 849 scimus
749 804 870 847 summo
895 787 971 851 vitio
993 791 1124 856 vertisse
1145 793 1205 859 La·

69 875 72 884 '
143 869 366 946 oedaemonib,
389 891 464 934 mox
485 870 671 956 prodierunt
691 868 866 935 contrariae
887 873 1068 940 sententiae.
1119 875 1205 955 Quid

143 955 246 1020 enim?
288 956 459 1022 Audiamus
487 957 664 1041 Lycurgum
693 966 863 1021 oratorem:
896 958 1101 1025 Παυσανίαν
1127 959 1203 1065 γὰρ,

142 1041 258 1129 inquit,
290 1041 350 1108 τὸν
381 1042 517 1123 βασιλέα
550 1040 659 1105 αὐτῶν
691 1041 896 1124 προδιδόντα
926 1044 973 1126 τῷ
1005 1047 1118 1136 Πέρσρ
1144 1069 1205 1126 την

142 1123 281 1193 Ἑλλάδα
308 1125 481 1208 λαβόντες,
512 1124 622 1204 ἐπειδὴ
644 1128 777 1211 ἔφθασε
799 1126 1000 1209 καταφυγὼν
1025 1135 1058 1204 ἐς
1082 1130 1121 1197 τὸ
1147 1132 1206 1210 τῆς

146 1214 351 1277 Χαλκιοίκου
375 1207 463 1293 ἱερὸν
484 1208 545 1290 τὴν
566 1207 681 1293 θύραν
703 1207 1029 1292 ἀποικοδομήσαντα
1048 1220 1103 1280 καὶ
1124 1213 1205 1298 ὀρο-

132 1294 213 1386 pulv
236 1292 516 1371 ἀποσκευάσαντες
537 1300 592 1363 καὶ
612 1293 718 1379 κύκλῳ
740 1295 1150 1376 περιστρατοπεδεύσαντες
1162 1300 1204 1369 οὐ

139 1379 304 1464 πρότερον
324 1379 486 1458 ἀπῆλθον
506 1386 584 1462 πρὶν
603 1379 625 1460 ἢ
647 1382 693 1462 τῷ
714 1381 801 1463 λιμῷ
820 1377 1012 1449 ἀπέκτειναν
1024 1387 1083 1451 καὶ
1103 1387 1204 1459 πᾶσιν

130 1465 303 1549 ’ἐπίσημον
324 1468 481 1544 ἐποίησαν
507 1463 569 1544 τὴν
590 1468 762 1548 τιμωρίαν,
792 1463 843 1530 ὅτι
867 1462 936 1528 οὐδ’
962 1472 998 1532 αἱ
1025 1466 1204 1551 ampelusia

140 1553 233 1617 θεῶν
269 1555 450 1633 ἐπικουρίαι
489 1548 560 1627 τοῖό
595 1547 777 1634 προδόταις
818 1549 1029 1630 βοηθοῦσιν,
1062 1553 1201 1631 εἰκότως.

142 1635 239 1702 οὐδὲν
260 1634 325 1722 γὰρ
349 1634 508 1720 πρότερον
528 1633 700 1702 ἀδικοῦσιν
714 1632 735 1713 ἢ
750 1637 822 1714 περὶ
836 1630 914 1709 τοὺς
929 1632 1032 1714 θεοὺς
1047 1634 1203 1722 ἀσεβοῦσι
1229 1656 1238 1665 “

139 1724 207 1788 τῶν
228 1725 375 1808 πατρίων
396 1724 545 1805 νομίμων
567 1717 690 1796 αὐτοὺς
711 1715 966 1800 ἀποστεροῦντες
978 1723 1015 1801 ¹).

227 1808 395 1874 Pausanias
429 1808 621 1893 scriptor2),
656 1805 731 1873 satis
767 1804 933 1892 divulgatis
963 1807 1003 1873 de
1031 1808 1204 1883 Pausaniae

141 1895 314 1980 proditoris
342 1893 517 1960 tristissima
545 1903 646 1959 morte
675 1893 876 1978 opinionibus
903 1892 1129 1979 praetermissis
1156 1916 1203 1961 ra·

140 1981 300 2046 conditam
323 1980 474 2060 Byzantii
492 1981 651 2046 cuiusdam
674 1980 882 2047 narrationem
911 1981 944 2043 in
971 1981 1203 2066 medium‘pro-

140 2068 212 2146 mit,
241 2067 424 2132 Pausaniam
448 2086 540 2130 unum
564 2087 604 2132 ex
626 2065 788 2146 omnibus,
820 2065 873 2151 qui
895 2065 1059 2151 supplicas¹
1076 2065 1116 2131 ad
1139 2066 1202 2131 Mi·

139 2175 254 2219 nervae
287 2175 407 2218 sacrum
438 2152 665 2235 confugissent,
697 2150 888 2235 impunitatis
919 2171 984 2215 non
1017 2151 1200 2234 participem

139 2239 245 2302 fuisse.
289 2240 333 2300 At
353 2239 389 2300 id
411 2239 553 2322 proiecto
576 2238 760 2316 Byzantius,
783 2237 871 2298 cuius
892 2237 1028 2299 narratio
1043 2235 1202 2301 hominem

139 2323 173 2387 in
201 2320 394 2389 absconditis
421 2321 515 2386 rebus
542 2331 697 2386 versatum
723 2316 859 2390 redolet,
896 2319 981 2384 haud
1013 2323 1202 2407 persuaserit
1262 2388 1272 2403 ‚

139 2408 247 2487 nobis,
269 2406 536 2472 Lacedaemonios
559 2407 692 2471 obeam
716 2427 839 2469 causam
862 2404 1032 2472 Pausaniae
1056 2430 1121 2472 non
1148 2430 1200 2494 pe·

163 2497 290 2572 arsisse,
324 2493 410 2581 quod
437 2515 455 2557 a
483 2491 579 2556 caede
605 2491 731 2573 virginis
758 2490 917 2555 cuiusdam
945 2493 1090 2557 consulto
1118 2493 1199 2559 facta

139 2517 215 2646 licet
241 2581 334 2644 enixe
366 2579 426 2643 sibi
454 2598 582 2665 operam
610 2574 765 2652 dedisset,
803 2585 837 2640 ut
871 2576 1064 2662 expiaretur,
1100 2588 1202 2645 tamen

137 2667 229 2733 Jovis
250 2664 454 2732 Absolutoris
474 2665 597 2730 veniam
619 2683 684 2727 non
706 2661 861 2746 potuisset
883 2664 1033 2750 consequi
1057 2674 1088 2729 et
1109 2666 1197 2729 inex·

139 2752 266 2839 piabilis
293 2753 473 2830 mansisset,
509 2751 625 2837 quippe
652 2748 738 2815 cuius
772 2769 837 2815 non
870 2750 1078 2818 miserendum
1109 2759 1200 2821 esset
1255 2801 1262 2812 ,

141 2837 266 2915 Quodsi
288 2859 394 2902 verum
417 2846 509 2924 esset,
533 2834 801 2903 Lacedaemonios
825 2836 945 2920 optimo
967 2837 1035 2903 iure
1057 2858 1200 2923 persecu·

139 2935 190 2989 tos
213 2945 282 2988 esse
304 2945 391 3002 eum,
428 2924 481 3010 qui
504 2945 523 2987 a
543 2922 622 2989 love
641 2923 713 3009 ipso
737 2922 870 2988 reiectus
893 2932 988 2999 esset,
1024 2924 1078 3007 qui
1100 2923 1202 3008 potuit

138 3009 220 3084 fieri,
248 3019 281 3072 ut
302 3008 422 3093 Apollo
445 3009 618 3092 impietate,
646 3030 708 3094 qua
730 3008 917 3093 supplicem,
952 3008 1005 3092 qui
1028 3007 1106 3071 deae
1127 3030 1200 3094 pro·

138 3094 224 3181 prius
250 3103 331 3170 erat,
359 3093 440 3155 fame
462 3094 687 3170 cruciaverant,
715 3092 913 3157 vehementer
935 3090 1031 3156 iratus
1057 3093 1202 3157 miserum

108 3248 117 3264 s
138 3181 221 3247 deae
240 3178 394 3244 restitui
416 3174 590 3255 iuberet⁸)l
634 3178 755 3243 Vereor
777 3200 818 3241 ue
835 3176 983 3253 Byzantii
1004 3174 1109 3237 sabula
1131 3196 1201 3241 ean-

138 3266 210 3329 dem
239 3265 392 3345 originem
412 3264 527 3326 habeat
548 3272 641 3344 atque
662 3262 752 3338 illae,
776 3279 852 3343 quas
875 3277 969 3342 supra
990 3255 1139 3341 vidimus,
1161 3260 1201 3329 ab

138 3532 189 3586 que
207 3517 233 3569 in
252 3529 349 3584 genera
370 3512 483 3566 humano
507 3512 629 3592 comitur,
651 3509 743 3592 ‘emnia
766 3508 806 3575 ei,
835 3512 902 3579 quae
921 3507 1024 3593 ⁶callida
1046 3527 1078 3569 ac
1098 3520 1201 3569 versure

139 3586 290 3647 laetasint,
310 3583 416 3635 iustiora
435 3581 558 3634 violentia
576 3581 667 3632 urderr.

207 3670 237 3736 1)
272 3667 339 3720 adv.
357 3667 446 3720 Leocr,
464 3682 491 3733 p.
508 3667 560 3719 226
577 3681 632 3733 sqq.
695 3664 727 3727 Ἰ)
760 3661 801 3715 ΠΙ.
819 3662 846 3714 7.
1265 3724 1268 3728 ⁴

206 3754 237 3815 3)
273 3754 300 3805 ln
325 3753 374 3804 hac
397 3769 426 3804 rc
449 3751 586 3817 scriptores
613 3746 745 3814 paululum
767 3745 895 3801 differunt,
940 3745 1104 3813 Thucydides
1131 3744 1200 3795 enim

139 3821 286 3887 dupplicem
309 3820 461 3873 Pausaniam
489 3818 633 3887 postulasse
655 3815 772 3882 Pythium
795 3821 893 3877 narrat,
919 3814 996 3866 Diod.
1017 3816 1068 3868 Sic.
1089 3812 1133 3868 XI.
1156 3813 1200 3865 45.

138 3891 217 3943 dicits
235 3882 445 3956 οἷποκαταστῆοαι
461 3889 496 3955 τῷ
513 3889 568 3954 θεῷ
584 3880 630 3938 τόν
648 3888 738 3951 ἱκέτην.
755 3882 846 3953 διόπερ
858 3885 885 3934 οἱ
899 3878 1064 3952 Σπαρτιότσι
1080 3909 1124 3922 ι·-
1142 3899 1199 3931 κατ·

138 3958 275 4012 essedaque
292 3956 390 4025 εἰκόνας
407 3954 453 4013 ‹lr‘o
471 3956 519 4013 τοῦ
535 3956 689 4016 Παυσανίου
706 3952 809 4019 χαλκᾶς.
873 4010 877 4017 .
964 4024 993 4065 Χ.
1074 4010 1077 4017 ,
