2788 4422
535 221 749 319 ..ιγ’-

112 446 178 493 rum
199 433 301 492 autem
323 431 440 491 sortem
461 424 607 512 proxime
628 422 750 490 accedit
769 421 987 490 obaeratorum
1002 419 1168 504 edomitas,

112 514 241 600 quossi
262 510 303 576 ad
329 510 449 576 Dianae
470 511 628 598 Ephesiae
649 511 815 599 templum,
849 507 890 575 de
912 509 999 574 onius
1022 508 1169 596 antiquis·

112 599 191 665 simo
215 597 296 679 asyli
317 597 385 662 iure
406 607 438 662 et
460 618 566 662 coram
590 598 733 664 Patribus
755 607 855 663 actum
877 607 909 662 et
934 597 966 661 iu
993 595 1169 680 inscriptio·

113 687 206 751 nibus
229 685 417 751 mentionem
438 683 550 749 factam
580 705 650 749 esse
672 707 766 771 supra
788 683 936 761 uidimus,
969 682 1173 766 confugerant

112 771 222 837 debito
243 770 396 837 liberatos
417 794 488 836 esse
510 793 528 834 a
552 770 720 834 Plutarcho
743 769 911 855 accipimus
925 770 963 845 ¹).
1009 769 1104 833 Cuius
1126 779 1169 835 te·

70 895 75 905 ·
111 857 290 924 stimonium
313 879 406 944 quum
433 859 572 943 ineptum
604 856 687 921 foret
714 857 754 921 *in
787 854 1012 920 dubitationem
1042 875 1170 934 vocare,
1199 907 1202 912 .

110 944 186 1010 sutis
207 944 379 1009 luculenter
402 944 557 1021 ostendit,
581 951 728 1028 qnantum
748 941 842 1007 suerit
862 941 942 1007 inter
964 952 1067 1005 cetera
1081 961 1171 1006 saara

111 1039 143 1095 et
165 1030 254 1111 asyla
276 1029 451 1096 discrimen.
497 1028 582 1106 Quid
605 1028 710 1094 enim?
754 1032 804 1092 An
831 1026 914 1092 idem
936 1027 1024 1093 licuit
1045 1026 1085 1092 de
1107 1047 1170 1090 om·

109 1116 203 1181 nibus
224 1117 348 1200 templis
371 1114 506 1178 referre?
551 1114 627 1179 Non
649 1125 781 1192 temere,
810 1114 939 1200 opinor,
967 1135 1106 1198 agemus,
1143 1113 1171 1177 si

110 1201 150 1265 ad
174 1201 305 1265 Dianam
329 1200 473 1266 omnibus
496 1200 690 1288 temporibus
713 1222 778 1265 non
801 1220 919 1284 pancos
941 1199 1058 1285 fugisse
1072 1200 1169 1263 conii·

111 1287 237 1364 ciamus,
260 1287 431 1373 permultos
451 1291 628 1374 posteriore
650 1288 759 1367 aetate,
782 1286 815 1350 in
838 1308 929 1372 quam
953 1287 1171 1352 obaeratorum

109 1373 252 1438 miseriae
278 1375 432 1436 maximae
459 1372 628 1452 cadebant3
660 1375 740 1437 inter
766 1393 876 1437 omnes
907 1382 1008 1438 autem
1038 1371 1171 1437 fortasse

109 1459 266 1525 rarissime
289 1459 497 1523 Athenienses
519 1467 598 1538 turn,
622 1480 716 1544 quum
733 1458 864 1523 Solonis
886 1458 1008 1542 legibus
1031 1466 1063 1522 et
1084 1458 1171 1522 insti·

110 1546 185 1610 tutis
208 1565 314 1608 eorum
329 1544 522 1630 potissimum
535 1545 630 1610 rebus
651 1553 739 1609 tanta
758 1545 874 1610 iustitia
896 1556 927 1609 et
948 1543 1171 1622 liberalitatc²)

111 1630 288 1694 consultum
311 1641 407 1710 esset,
431 1639 465 1695 ut
486 1631 698 1717 uuusquisque
720 1631 826 1697 mallet
840 1630 962 1713 legibus
983 1632 1091 1716 patriis
1114 1630 1170 1695 ob·

37 1781 40 1789 ,
110 1725 283 1802 temperare
305 1737 396 1801 quam
419 1714 565 1802 defugere
587 1739 640 1782 eas
661 1717 778 1782 relictis
801 1717 963 1794 omnibus,
987 1717 1099 1802 quibus
1115 1737 1170 1803 op·

111 1803 188 1867 timo
213 1803 323 1888 cuique
367 1804 444 1868 atria
465 1803 634 1883 redundat,
668 1803 770 1870 bouis.
827 1803 897 1869 Nec
921 1805 1054 1890 amplius
1080 1804 1171 1871 mira·

111 1910 192 1967 mur,
229 1889 316 1975 quod
341 1825 469 1954 Jlucitus
500 1900 627 1977 questus
655 1900 718 1972 est,
756 1899 789 1956 et
819 1892 917 1958 servis
949 1902 981 1956 et
1015 1890 1171 1979 obaeratis

111 1975 227 2062 templa
247 1974 359 2040 referta
382 1997 461 2042 esse.
841 2008 845 2014 ·

198 2063 300 2146 Supra
332 2060 479 2137 diximus,
513 2060 698 2126 florentibus
735 2061 926 2126 Graecorum
954 2062 1049 2128 rebus
1076 2061 1171 2127 masi·

112 2164 194 2213 marn
218 2146 342 2232 quidem
365 2158 483 2233 partem
506 2147 604 2211 servis
627 2146 717 2228 asyla
740 2145 826 2210 bono
849 2147 958 2227 fuisse,
987 2158 1020 2211 ut
1045 2147 1172 2230 ingenui

113 2240 145 2298 et
165 2233 305 2314 insignes
327 2232 471 2294 homines
493 2230 531 2295 iis
555 2241 730 2307 uterentur,
754 2231 853 2294 rarius
876 2232 927 2296 vel
949 2231 1029 2295 adeo
1052 2232 1170 2297 rarissi-

111 2338 161 2382 me
183 2314 343 2383 accidisse.
386 2317 431 2381 At
452 2314 574 2380 accidit.
618 2317 667 2380 lta
687 2314 851 2379 Minervae
873 2316 971 2381 Aleae
991 2318 1096 2382 fanum
1110 2318 1171 2383 Te·

114 2423 191 2487 gese
215 2401 375 2467 conditum
396 2401 513 2466 multos
534 2403 578 2470 ita
600 2401 765 2486 excepisse
786 2402 923 2483 videtur,
946 2414 980 2468 ut
1003 2404 1172 2470 adversarii

113 2488 169 2553 ubi
192 2512 231 2554 eo
254 2487 433 2572 confugisse
454 2509 511 2551 eos
534 2498 725 2572 compertum
751 2487 940 2569 hahuerunt,
974 2490 1015 2553 de
1035 2488 1172 2555 instandi

113 2577 276 2640 severitate
298 2596 421 2657 omnem
443 2574 612 2640 abiicerent
623 2575 851 2659 cogitationem.
897 2576 987 2653 Quae
1001 2576 1172 2642 Pausaniae
1234 2628 1237 2637 ,

112 2662 216 2727 νειοῖο
240 2660 495 2747 comprobantur.
534 2654 593 2727 'Hc
616 2662 650 2726 δὲ
672 2657 749 2742 ἄρα,
771 2661 881 2748 inquit,
904 2658 942 2726 τὸ
966 2662 1055 2748 ἱερὸν
1070 2665 1171 2729 τοῦτο

113 2751 147 2811 ἐκ
179 2750 324 2812 παλαιοῦ
359 2749 635 2828 Πελοποννησίοις
667 2748 770 2813 πᾶσιν
804 2749 975 2833 αἰδέσιμον
1010 2753 1069 2815 καὶ
1100 2758 1171 2827 τοῖς

113 2829 239 2896 αὐτόθι
258 2828 453 2898 ἱκετεύουσιν
468 2830 652 2920 ἀσφάλειαν
671 2831 817 2916 μάλιστα
833 2835 1046 2919 παρείχετοῧ).
1089 2835 1173 2900 Belli
1287 2873 1294 2883 =

113 2916 375 3004 Peloponnesiaci
398 2940 482 2983 anno
505 2942 595 2985 nono
615 2919 722 2986 medio
739 2920 807 3000 (Ol.
820 2920 1050 2996 LXXXIX&
1070 2921 1171 3003 Chry·

113 3003 156 3068 sis
179 3005 311 3069 lunonis
338 3004 488 3070 sacerdos
514 3028 608 3091 quum
633 3008 737 3072 lanum
764 3006 852 3093 quod
878 3008 908 3071 ei
934 3006 1173 3073 custodiendum

114 3097 193 3170 erat,
220 3090 351 3156 dammis
379 3091 627 3174 combureretur,
658 3093 866 3179 negligentiae
892 3093 1059 3159 vindictam
1087 3093 1172 3159 exti-

113 3363 190 3415 mntii
213 3364 246 3416 do
272 3364 394 3434 Dulopoli
416 3369 450 3434 (s.
474 3384 499 3420 r.
516 3358 624 3421 Δούλιιν
645 3372 731 3439 πόλις)
756 3372 901 3424 testimonia
926 3384 975 3424 noa
1001 3372 1104 3424 docent
1139 3371 1175 3427 cl.

90 3465 93 3470 -
115 3431 231 3485 lirenser.
251 3433 350 3490 llallea.
369 3437 549 3504 priesterstaat.
566 3453 592 3504 p.
611 3440 645 3493 55
662 3458 717 3509 sqq.
737 3441 795 3497 182.
887 3456 891 3463 ’

182 3519 211 3584 l)
246 3519 342 3601 deurit.
360 3537 412 3572 aar.
438 3520 472 3577 al.
496 3537 519 3577 c.
543 3522 569 3575 3.
603 3517 621 3589 ἦ
642 3529 689 3593 μὲν
712 3521 762 3607 peip
780 3520 894 3608 ᾍρπεμιρ
915 3520 933 3592 ἦ
955 3529 982 3578 ἓν
1001 3518 1098 3596 Ἐφέσῳ
1119 3532 1175 3586 τοῖς

17 3652 18 3657 ¹
111 3587 247 3668 χρεώσταις
277 3607 339 3639 οταν
361 3587 538 3658 καταφύγωσιν
559 3592 595 3648 εἰς
615 3610 646 3642 το
674 3596 742 3663 ἱερον
765 3612 843 3660 αντης
869 3595 976 3645 ocultae
1003 3601 1105 3666 παρέχει
1131 3597 1175 3645 καὶ

113 3657 201 3706 odoror
220 3649 273 3707 οἶπό
290 3656 340 3707 τῶν
359 3660 464 3709 δανείων
479 3680 501 3714 ιι.
519 3660 583 3710 al„

179 3738 212 3806 2)
246 3739 275 3792 ld
293 3754 370 3793 nemo
388 3742 509 3810 negabit,
534 3741 596 3794 licet
611 3741 673 3800 Plat,
692 3741 770 3811 Apol.
791 3746 834 3801 37.
853 3744 883 3797 Β.
901 3744 935 3797 dc
961 3761 1038 3799 canan
1060 3747 1172 3799 Socratis

111 3820 194 3874 agens
216 3807 244 3857 in
266 3809 355 3862 vincla
379 3812 525 3865 coniectum
547 3827 605 3865 csse
627 3813 663 3864 ait
683 3829 770 3876 reum,
802 3814 862 3866 dum
883 3813 998 3866 debiturn
1021 3816 1172 3868 solveretur.

112 3873 188 3938 Quod
205 3890 259 3925 non
276 3892 378 3944 semper
396 3879 492 3933 lactum
510 3894 567 3933 aare
584 3895 609 3934 v.
627 3898 670 3949 ap.
688 3880 803 3936 Boeckb.
823 3880 922 3936 (lacon.
939 3883 999 3936 Aah.
1016 3888 1036 3938 1.
1052 3898 1078 3949 p.
1095 3886 1155 3938 421.

180 3959 219 4024 ³),
244 3957 284 4013 lll.
302 3961 326 4015 b.
344 3961 370 4016 6.
