2788 4422
535 304 748 367 ...19-

113 469 227 538 cultata
256 469 329 536 data
360 486 426 536 nun
458 466 616 537 fluctuare.
676 470 772 551 Quod
800 491 865 537 uon
887 473 931 538 ita
952 473 1019 540 fieri
1040 495 1170 544 nemeae

113 569 196 637 erat,
232 557 260 623 si
282 553 411 632 κοινούς
431 550 506 621 illos
533 560 655 635 ἱκεσίας
682 557 807 643 νόμους
828 578 894 624 nun
913 559 949 624 in
971 581 1030 626 suo
1052 570 1170 628 tautum

113 646 246 732 quisque
268 643 371 707 auimo
394 636 551 724 coluisset,
573 643 657 708 trude
678 664 752 709 usus
760 645 787 724 ¹)
810 645 935 732 quidem
958 647 1169 714 sanctissimus

111 752 214 816 neque
240 749 315 795 veru
340 729 389 793 ius
417 738 533 794 certum
560 727 600 794 de
629 750 692 817 quo
718 751 812 794 nemo
840 741 903 809 cst,
934 734 988 817 qui
1020 733 1168 818 ambigat,

109 825 218 902 potest
239 814 403 904 proficisci.
449 814 520 880 Nec
540 816 649 880 mirum
672 825 735 897 est,
766 815 985 884 fluctuantibus
1006 816 1166 884 hominum

108 898 231 967 iudiciis
253 902 293 982 ei,
315 902 369 988 qul
391 900 500 987 flagret
518 900 691 968 ulciscendi
713 898 892 988 cupiditate,
915 920 1056 988 magnam
1077 903 1169 969 facile

110 989 255 1075 praeberi
277 988 399 1074 copiam
422 1008 457 1052 se
479 989 667 1053 nocentibus
687 1009 706 1052 e
727 989 801 1053 iusti
814 991 953 1076 rectique
967 990 1087 1055 ratione
1102 1010 1168 1056 ncu

106 1092 236 1160 parcere
256 1073 432 1140 simulandi.

194 1159 320 1234 Quodsi
343 1172 467 1221 ornnem
489 1152 691 1222 calamitatem
713 1155 753 1221 ab
769 1178 839 1221 sese
855 1156 1051 1244 deprecaturi
1074 1181 1167 1245 quum

107 1243 172 1308 sint
193 1243 361 1328 supplices,
385 1242 577 1308 castissimus
598 1264 633 1308 se
655 1252 687 1308 et
707 1242 926 1327 integerrimos
949 1262 1093 1309 servasse
1111 1265 1168 1308 ecs

107 1328 293 1415 praedicare
312 1329 414 1414 iisque
435 1328 630 1415 responderi,
654 1350 671 1391 e
695 1326 835 1392 Deorum
856 1329 1019 1392 voluntate
1039 1328 1168 1394 nonnisi

106 1432 231 1490 cerum,
265 1413 318 1498 qui
342 1413 427 1498 puris
450 1414 591 1479 manibus
620 1411 824 1491 accesserint,
857 1409 1063 1477 miserendum
1086 1434 1165 1494 esse,

106 1497 193 1588 apud
227 1507 349 1562 veteres
382 1506 493 1583 poetas
526 1498 757 1582 scriptoresque
796 1515 890 1582 saepe
921 1495 1067 1581 legimus,
1103 1498 1167 1564 tale

104 1583 185 1671 quid
213 1584 246 1646 in
277 1584 410 1647 animum
437 1592 467 1651 et
506 1582 726 1668 cogitationem
752 1580 911 1646 hominum
933 1583 1056 1648 venisse
1082 1583 1166 1650 vide·

104 1691 189 1748 mus,
222 1668 309 1756 quod
342 1669 369 1733 si
399 1667 518 1755 aliquid
544 1669 577 1732 in
604 1667 792 1732 humanitate
818 1676 851 1732 et
876 1669 958 1732 vitae
993 1669 1165 1735 eommunis

106 1754 328 1842 temperandae
359 1753 464 1820 studio
497 1753 702 1842 profecerint,
737 1770 803 1818 nou
829 1750 926 1818 luisse
952 1752 1041 1818 nullo
1068 1754 1165 1820 medo

103 1843 217 1928 possit.
266 1842 313 1904 Ac
334 1842 489 1905 nemiuem
512 1839 637 1929 quidem
657 1834 779 1924 effugit,
818 1847 935 1926 quanto
958 1839 1064 1905 studio
1085 1840 1166 1907 iuter

106 1947 218 1992 omncs
239 1927 373 1991 maxims
396 1926 509 1994 Graeci
535 1944 690 1993 sacrarum
718 1925 839 1990 aedium
865 1926 1088 1993 immunitatem
1113 1926 1166 1991 vel

102 2013 335 2096 integerrimam
359 2014 534 2078 curaverint
565 2011 757 2079 servandam.
812 2010 896 2078 Nam
922 2033 991 2075 cum
1016 2011 1165 2098 expiandi

102 2109 138 2165 et
167 2097 319 2164 lustrandi
350 2099 534 2184 religionem
566 2097 760 2164 severissime
791 2094 956 2161 tuebantur
981 2104 1046 2162 turn
1082 2107 1166 2162 certa

103 2184 256 2271 quaedam
268 2183 385 2268 flagitia
399 2187 426 2250 si
447 2185 517 2270 quis
534 2183 741 2248 commisisset
761 2191 795 2245 at
812 2181 1006 2259 adulterium,
1029 2181 1164 2259 caedem,

103 2290 175 2333 eum
198 2270 238 2330 ab
262 2270 345 2330 omni
374 2286 533 2331 sacrorum
561 2267 779 2330 communione
806 2274 951 2350 tanquam
978 2265 1003 2329 si
1049 2264 1165 2330 clarem

103 2338 231 2442 piaculo
258 2351 425 2417 arcendum
451 2371 522 2416 esse
557 2350 713 2417 ducebant
743 2370 783 2414 ne
808 2349 936 2437 sepeliri
963 2350 1015 2436 qui
1040 2371 1089 2415 eur
1116 2372 1164 2416 sa·

102 2437 294 2537 milegast),
313 2457 416 2525 neque
448 2435 632 2505 cadaverum
669 2434 858 2519 contagione
888 2434 1042 2523 pclllutoe
1076 2458 1165 2503 sacra

102 2523 191 2591 adire
211 2546 306 2611 passa.

189 2611 233 2675 At
273 2606 365 2673 simul
405 2607 439 2671 id
482 2604 608 2671 vetabat
644 2603 771 2689 religio,
815 2623 856 2669 ne
896 2602 972 2690 quid
1009 2604 1164 2671 violenter

102 2698 253 2780 (βιαίως)
280 2701 420 2779 ageretur
445 2692 478 2756 in
505 2686 629 2777 templis
656 2710 763 2789 pequc
788 2689 958 2776 spoliando
985 2689 1059 2755 lanc
1091 2692 1163 2778 ipsc

102 2802 206 2867 neque
228 2782 281 2859 iis,
328 2781 358 2843 ui
380 2779 426 2843 ibi
447 2776 579 2842 salutem
600 2784 777 2863 petussent,
804 2775 977 2841 evellendis
998 2776 1051 2843 vel
1072 2779 1164 2842 etiam

99 2865 258 2934 necandis.
305 2801 353 2929 id
380 2864 461 2929 enim
490 2861 577 2928 nefas
604 2884 674 2929 esse
703 2863 890 2931 arbitrantur
919 2863 1063 2929 homines
1092 2863 1165 2928 dum

99 2953 157 3041 pic
180 2952 284 3017 animo
308 2949 386 3016 deus
409 2950 549 3015 colentes
578 2949 645 3031 his,
680 2947 754 3029 ubi,
790 2948 877 3014 utin
900 2948 1024 3034 templis
1046 2946 1095 3020 fit,
1130 2948 1164 3014 in

99 3039 249 3126 proximo
273 3056 423 3121 apparere
444 3034 602 3114 videntur,
633 3054 758 3098 omnem
780 3031 948 3097 vindictam
970 3030 1165 3119 exsequendi

98 3122 292 3211 provinciam
320 3120 526 3196 committunt,
561 3138 663 3204 neque
689 3125 850 3183 cerotem
873 3118 990 3182 nefarie
1016 3119 1162 3194 sentiunt,

98 3220 135 3273 ut
148 3208 333 3274 Cleomenes
348 3204 403 3271 ille
423 3203 558 3270 sensisse
580 3203 721 3281 traditur,
745 3203 798 3284 qui
820 3202 914 3261 dixit:
938 3198 1041 3274 ἄλλος
1063 3203 1164 3264 τεκαὶ

100 3293 122 3357 ὅ
150 3315 182 3354 τι
210 3291 252 3355 clv
278 3288 378 3352 κακόν
405 3311 454 3361 τις
476 3286 557 3372 ποιῇ
579 3281 657 3359 τοὺς
676 3283 851 3363 πολεμίους
872 3280 971 3347 τοῦτο
994 3286 1050 3348 καὶ
1073 3280 1162 3368 παραὶ

99 3379 198 3452 θεοῖς
210 3380 266 3440 καὶ
281 3363 374 3459 παρά
387 3366 584 3455 ἀνθρώποις
599 3368 689 3446 δίκης
712 3363 887 3450 ὑπέρτερον
909 3368 1112 3450 νομίζεσθαι
1122 3371 1161 3451 ³).

101 3529 303 3543 ..ι-οι-ι--ή

169 3612 198 3676 l)
233 3610 281 3661 llic
299 3616 337 3663 eei
360 3606 448 3677 νόμος.
482 3606 660 3685 ΗαἎΑμοΙῙοᾶ.
686 3608 718 3658 ΙΙ.
747 3607 771 3657 7.
792 3604 822 3657 62
849 3599 974 3676 ‘Hpurrlric
992 3608 1018 3659 di
1036 3602 1100 3660 uesci
1116 3603 1162 3660 τόν

100 3676 184 3746 νόμον
200 3674 248 3744 τὴν
265 3674 348 3747 φυγὴν
364 3672 499 3745 ὑπομένειν
515 3677 603 3742 adala.

167 3763 199 3827 2)
235 3762 312 3814 Diod.
336 3761 387 3814 sic.
409 3760 480 3822 xvi,
506 3760 550 3812 25.
586 3760 613 3809 cl
635 3758 662 3808 dl
680 3757 781 3838 Λοκροὶ
805 3752 853 3823 τὴν
878 3751 1008 3829 ἀναίρεσιν
1027 3748 1111 3833 apicum
1128 3744 1161 3802 οὗ

97 3831 287 3896 συγχωροῦντες
304 3824 437 3901 απόκρισιν
454 3829 556 3892 ἔδωκαν,
574 3820 616 3877 ὅτι
632 3821 704 3896 παρὰ
719 3844 784 3878 πασι
797 3832 853 3883 τοῖς
865 3818 970 3891 Ἕλλησι
984 3839 1067 3877 norror
1080 3838 1161 3887 αομος

96 3902 167 3951 ἐστὶν
185 3894 301 3968 ἀτάφους
317 3900 457 3969 ῥίπτεσθαι
472 3891 532 3954 τούς
549 3894 703 3964 ἱεροσύλους.

164 3982 194 4049 3)
230 3981 296 4039 Plut.
314 3981 424 4050 Apoptlr.
442 3978 502 4033 lac.
520 3978 572 4036 vel.
590 3977 655 4031 Vlll.
673 3993 698 4044 p.
715 3978 769 4031 ala
786 3978 821 4026 in.
841 3974 882 4025 cd.
901 3971 969 4027 llutt.

913 4056 957 4117 2*
