2788 4422
624 284 840 347 ..44-

201 456 359 518 Summum
383 459 484 517 autem
512 453 637 534 auxilii,
665 476 729 541 quo
756 475 775 518 e
804 452 874 538 lege
896 475 1003 521 servus
1025 455 1058 520 in
1079 478 1116 521 ea
1138 457 1261 524 civitate

200 539 256 605 ubi
277 538 366 616 vivit,
391 548 498 624 potest
517 538 592 621 frui,
620 559 686 602 non
708 538 835 604 libertas
857 538 915 604 sed
937 540 1067 608 facultas
1088 551 1136 606 est
1156 544 1259 609 mitio·

201 646 266 689 rem
294 633 326 688 et
353 623 566 689 humaniorem
595 624 749 712 poscendi
780 624 950 692 dominum.
1002 627 1041 693 Id
1072 629 1106 693 in
1132 630 1259 693 Theseo

201 731 311 795 seryos
334 709 543 776 Athenienses
565 712 651 798 passi
673 721 745 776 sunt
760 713 909 799 consequi
921 715 959 791 ¹).
1006 714 1133 779 Theseo
1150 715 1260 779 adiun-

200 797 282 881 gitur
303 795 509 862 Eumenidum
527 820 584 863 rara
606 799 673 884 pari
696 820 855 863 servorum
877 799 943 862 iure
965 800 1114 886 praedite.
1134 834 1136 838 ⁴
1158 801 1260 866 Miser

198 882 254 947 ille
276 881 497 951 Mnesilochus
520 905 560 950 ne
580 885 622 950 ab
645 884 796 971 Euripide
816 884 999 964 tondeatur,
1028 887 1069 953 ad
1090 908 1175 951 aram
1196 887 1259 952 Eu·

196 1061 399 1073 man-—

198 1176 352 1242 esse'docet
367 1174 516 1240 Philochori
534 1186 671 1253 industria,
699 1187 742 1257 qni
765 1187 856 1241 melius
874 1189 935 1258 quid
953 1189 1002 1243 sihi
1026 1189 1126 1242 videtur
1145 1196 1257 1240 statuere

197 1259 251 1308 his:
275 1253 306 1307 σι’
328 1255 411 1335 ρρόνον
428 1254 488 1314 τοὺς
506 1259 603 1314 οἰκέτας
619 1254 649 1307 τὸ
667 1253 779 1309 παλαιὸν
796 1255 960 1325 καταφεύγειν
978 1262 1014 1316 εἰς
1030 1256 1060 1308 τὸ
1085 1261 1196 1325 Θησεῖον
1215 1250 1258 1308 ril-

196 1321 229 1375 tel
246 1327 288 1374 καὶ
305 1342 365 1380 τους
383 1318 488 1386 deuotis
506 1321 669 1380 ἱκετεύοντας.
705 1341 730 1373 ν.
756 1325 840 1388 Elym.
868 1327 899 1377 hl.
925 1342 948 1380 v.
973 1330 1093 1391 Θησεῖον.
1129 1326 1164 1376 cl.
1189 1325 1257 1377 llar-
1341 1359 1349 1370 -

196 1408 268 1460 pocr.
286 1391 358 1442 Phot.
378 1389 482 1456 llesych
509 1405 534 1442 v,
553 1388 638 1440 Portas
655 1390 793 1443 Archaeol.
811 1391 829 1441 l.
848 1405 873 1455 p.
895 1394 936 1443 73.
954 1392 1022 1443 Sans.
1033 1391 1107 1440 Petit.
1125 1394 1168 1442 ad.
1181 1393 1254 1459 legg.

196 1462 248 1513 Att.
267 1477 289 1526 p.
308 1461 325 1513 9
343 1475 397 1528 seq.
416 1460 454 1511 sic
471 1457 664 1510 rescribendum
691 1474 748 1510 esse
772 1467 871 1510 censet:
896 1460 932 1515 εἰς
954 1453 984 1508 τὸ
1010 1461 1121 1525 Θησεῖον
1142 1461 1255 1511 πλέουσα

196 1523 230 1580 lc'
248 1525 264 1600 ᾖ
283 1524 323 1579 ’πὶ
340 1529 389 1578 τῶν
407 1533 440 1579 Σ.
459 1534 490 1579 θ.
509 1526 641 1578 molestum
660 1527 727 1578 enim
746 1529 770 1578 ei
789 1533 836 1592 est,
855 1543 931 1578 uuam
948 1526 1075 1577 triremem
1094 1526 1147 1578 dici
1165 1523 1255 1578 πλεού-

196 1615 257 1661 σας,
285 1596 356 1664 quod
377 1596 511 1662 praeclare
533 1596 588 1647 lieri
610 1595 738 1648 Brunkius
757 1612 789 1647 eo
807 1595 924 1662 exponit,
951 1595 1019 1663 quod
1039 1595 1139 1646 dativus
1156 1615 1203 1664 μοι
1220 1595 1254 1647 ad

195 1683 272 1718 unam
290 1666 443 1718 referendus
461 1674 513 1727 est,
532 1682 598 1732 quae
615 1669 764 1717 seutentiam
783 1681 854 1716 suam
873 1664 976 1725 ellatur,
993 1662 1120 1721 πλεούσας
1138 1680 1201 1716 vero
1220 1665 1258 1718 ad

195 1752 299 1797 omnes,
328 1735 420 1803 quibus
443 1733 578 1785 consilium
600 1734 682 1787 datur.
719 1734 837 1787 Ceterum
860 1731 949 1784 similis
972 1739 1011 1783 est
1033 1732 1138 1797 pluralis
1155 1733 1253 1785 numeri

194 1806 269 1870 ratio,
289 1804 332 1854 uhi
351 1800 457 1870 aliquid
477 1804 585 1868 primum
603 1811 731 1870 tamquam
748 1802 880 1872 singulare
891 1801 969 1921 1⁴quid,
988 1801 1112 1867 deinceps
1131 1803 1185 1853 eins
1204 1819 1253 1870 gc·
1336 1828 1344 1835 -

193 1888 242 1923 nus
255 1871 424 1939 significatur,
443 1876 470 1935 ut
487 1887 528 1936 sp.
546 1869 647 1923 Platon.
668 1869 762 1927 ciart.
780 1887 804 1937 p.
821 1873 880 1923 373.
917 1909 922 1919 .
959 1867 993 1920 cl.
1012 1870 1155 1922 Schneider
1173 1871 1201 1920 V.
1221 1868 1251 1921 0.

193 1941 227 1992 ad
245 1940 271 1991 h.
289 1940 307 1990 l.
334 1967 369 1975 -
395 1940 434 1990 Ex
452 1943 599 1990 coniectura
622 1956 667 1991 sna
690 1955 778 2005 parum
801 1939 872 1991 felici
894 1930 1035 1991 inlelicitei
1057 1939 1164 2006 collegit
1186 1939 1251 1994 Sam.

192 2009 260 2076 Pet,
288 2007 484 2074 Aristophanem
514 2008 659 2060 cavillatum
689 2024 746 2061 esse
772 2008 898 2060 Theseum
922 2009 948 2059 in
971 2007 1064 2060 Piraeo
1088 2008 1252 2074 collocatum,

193 2079 253 2147 quia
271 2077 305 2128 de
324 2077 404 2129 altero
423 2079 450 2130 in
468 2077 532 2128 urbe
548 2079 633 2145 posito
652 2080 746 2145 quippe
759 2079 828 2147 quod
840 2078 943 2146 longius
954 2086 1082 2130 remotum
1098 2085 1166 2128 esset
1177 2093 1251 2143 qnam

193 2155 221 2199 ut
243 2147 339 2198 triremi
362 2154 449 2212 posset
470 2146 590 2216 perlngio
615 2163 685 2208 esse,
713 2164 764 2198 non
788 2148 878 2199 liceret
900 2147 1028 2213 cogitarer
1058 2161 1121 2214 ergo
1145 2144 1250 2195 alterum

192 2232 295 2286 qnoque
314 2215 442 2267 Theseum
461 2217 526 2282 asyli
545 2217 598 2281 ius,
627 2216 696 2284 quod
720 2215 826 2268 laudant
847 2219 996 2280 interpretes
1023 2222 1049 2265 et
1071 2213 1251 2280 Aristophanes
1326 2214 1328 2218 '

191 2287 247 2350 ipse
265 2285 365 2335 videtur
383 2284 554 2351 intellexisse,
574 2284 703 2337 habuisse.
739 2286 772 2336 At
789 2294 864 2351 poeta
883 2284 1053 2336 Euarenidum
1072 2299 1146 2339 arae,
1170 2285 1189 2333 si
1210 2281 1251 2331 ui-

192 2354 251 2404 dem
271 2353 409 2421 genuinam
427 2354 563 2404 lectionem
587 2346 664 2417 si’srl
683 2353 733 2403 τῶν
749 2357 783 2402 Σ.
802 2359 831 2405 θ.
854 2354 997 2417 sequimur,
1024 2351 1080 2415 plus
1103 2367 1177 2417 qnam
1225 2351 1249 2401 h.

191 2422 256 2474 stad.
276 2422 390 2473 distantis
409 2438 423 2473 a
443 2420 534 2473 Piraeo
553 2421 706 2473 mentionem
724 2418 802 2482 lacit,
829 2434 860 2469 eo
878 2420 996 2469 nimirum
1015 2418 1124 2469 consilio
1148 2418 1249 2483 ductus,

190 2499 218 2543 ut
234 2507 349 2544 summae
367 2491 554 2556 desperationis
572 2489 674 2541 unicum
693 2489 813 2540 auxilium
835 2495 893 2539 ante
907 2486 999 2538 oculos
1017 2494 1131 2552 poneret,
1145 2487 1188 2555 (vis
1200 2503 1249 2537 co-

190 2561 258 2612 mica
276 2568 359 2612 autem
378 2561 486 2628 egregie
510 2559 653 2626 adaugetur
670 2573 718 2619 eo,
745 2557 813 2626 quod
837 2557 964 2607 triremem
987 2571 1067 2622 usque
1090 2556 1115 2605 ln
1139 2557 1249 2606 mediam

189 2629 279 2680 urbem
298 2629 472 2697 aufugientem
491 2628 568 2689 lacit,
587 2633 765 2691 praeterquam
784 2625 852 2692 qnod
874 2625 979 2674 nimium
997 2623 1139 2673 severitatis
1162 2632 1187 2674 et
1208 2624 1248 2674 ri·
1285 2637 1296 2651 ⁴

190 2699 261 2766 garis
279 2698 360 2760 loret,
379 2698 400 2748 sl
419 2696 545 2748 comicum
564 2701 665 2760 poetam
684 2694 750 2744 adeo
767 2694 1011 2760 constringeremur,
1031 2699 1057 2741 nt
1073 2706 1124 2741 non
1144 2691 1248 2743 inaudi-

188 2773 227 2816 tas
244 2781 287 2816 res
310 2766 426 2832 lingeret.
470 2763 540 2814 Nihil
558 2763 637 2829 igitur
656 2777 748 2814 causae
767 2768 819 2823 est,
846 2777 892 2813 cur
914 2761 1008 2827 duplex
1032 2760 1125 2812 Thesei
1141 2760 1247 2829 asylum

189 2840 340 2896 statuemus,
367 2848 400 2883 ne
420 2848 451 2883 ue
474 2830 617 2896 adstipnlor
638 2831 734 2889 hleiero
757 2831 894 2897 ingenioso
921 2831 954 2882 de
979 2831 1032 2881 iud.
1058 2830 1117 2880 Ath.
1140 2848 1164 2898 p.
1188 2831 1246 2883 403.

187 2901 325 2954 Praeterea
348 2901 381 2952 de
429 2901 509 2952 hesso
536 2915 611 2950 sacro
634 2915 658 2953 v.
682 2898 747 2952 Plut.
770 2898 845 2951 Thes.
868 2916 891 2956 e.
914 2900 949 2952 36
972 2899 1004 2949 cl.
1028 2897 1061 2948 de
1080 2898 1138 2949 exil.
1162 2914 1184 2949 c.
1206 2899 1246 2950 17.

187 2972 265 3024 Diod.
284 2972 333 3022 Sic.
351 2969 393 3020 lv.
411 2971 445 3023 62
463 2978 524 3021 extr.
542 2967 617 3018 Paus.
636 2968 655 3019 l.
674 2969 699 3022 3.
716 2970 741 3022 9.
759 2969 823 3020 nihil
841 2968 874 3019 de
887 2969 960 3034 asylo
974 2975 1164 3018 commemorat.
1193 2966 1247 3017 lle-

187 3039 336 3092 snosthenes
351 3038 488 3090 Aeschinis
505 3046 603 3105 patrem
623 3053 679 3088 cnm
697 3039 842 3119 ignominia
859 3045 990 3088 notaturus
1004 3035 1144 3089 malitiose:
1162 3029 1247 3103 πότερ’

187 3105 229 3173 ὥς,
247 3109 336 3177 inquit,
357 3106 372 3161 ὁ
388 3109 472 3177 πατήρ
484 3126 531 3158 σου
545 3104 649 3175 Τρόμης
667 3107 780 3158 revolsas
798 3097 958 3172 παρ”Ελπίᾳ
971 3105 1006 3170 τῷ
1022 3102 1085 3172 πρὸς
1102 3104 1136 3170 τῷ
1146 3106 1246 3169 Θησείῳ

187 3179 332 3231 διδάσκοντι
348 3177 494 3246 γράμματα.
514 3191 538 3226 v.
556 3177 614 3241 περὶ
632 3189 737 3242 crept)
764 3175 825 3227 270.
847 3173 874 3225 8.
914 3174 940 3224 si
963 3171 1026 3222 nihil
1048 3172 1117 3221 aliud
1142 3169 1246 3221 volebat

185 3247 235 3300 nisi
252 3246 353 3313 Elpiam
373 3247 430 3314 quis
447 3245 523 3296 luerit
539 3243 696 3311 significare,
714 3242 768 3294 ludi
785 3242 889 3294 nomine
906 3242 972 3292 sieut
992 3256 1037 3307 par
1054 3246 1108 3291 erat
1125 3255 1186 3291 usus
1203 3237 1245 3289 di·

186 3318 266 3367 xisset
283 3321 308 3366 n
325 3314 360 3380 τῷ
377 3333 448 3382 pepe,
468 3329 557 3363 verum
581 3313 711 3363 servitium
728 3312 806 3376 patris
829 3311 1020 3380 ignominosum
1042 3324 1137 3376 urgens
1159 3309 1244 3360 locum

186 3386 268 3435 servis
284 3385 399 3448 inprimis
417 3390 532 3434 sanctum
550 3380 655 3433 adhibet
672 3380 705 3431 nd
724 3381 886 3448 gymnasium
908 3393 990 3444 prope
1013 3378 1136 3430 adiacens
1158 3377 1243 3444 signi·

186 3450 324 3503 licendum.

254 3585 282 3649 l)
317 3582 372 3633 lloe
389 3596 465 3634 versu
483 3579 604 3647 tabulae,
622 3595 697 3648 quam
711 3572 789 3650 Ὧραι
806 3581 868 3633 dlxit
884 3580 974 3642 Arist,
997 3577 1133 3647 probatura
1161 3580 1183 3628 rt
1204 3573 1241 3647 psi

184 3649 332 3724 Κράτιστόν
350 3655 417 3701 ἐστιν
434 3653 470 3707 εἰς
486 3647 516 3699 τὸ
541 3653 651 3715 Θησεῖον
673 3650 779 3718 δραμεῖν
794 3643 862 3702 Ἐκεῖ
879 3643 913 3713 δ’,
931 3649 975 3707 ἳως
992 3643 1102 3718 εὕροιμεν
1124 3638 1156 3697 clv
1173 3647 1243 3714 πρά-

127 3729 130 3734 ’
186 3739 227 3772 οιν
243 3724 327 3789 μένειν
345 3726 370 3768 et
392 3716 529 3782 Eupolidis
550 3717 695 3785 fragmento
717 3746 751 3754 -
768 3747 802 3758 -
825 3712 887 3769 κακοὶ
908 3714 996 3767 τοιάδε
1018 3717 1161 3780 πάσχουσιν
1184 3708 1243 3764 οὐδὲ

227 3788 238 3800 .
362 3786 374 3798 .
684 3785 690 3797 .
990 3787 998 3811 ,

184 3789 415 3909 tlttrtlftlt
430 3785 864 3920 lilllltthltltlllttl‘
875 3781 1244 3918 lirliliriii'al‘tiixili

184 3917 296 3973 δυνατὸν
316 3914 361 3988 ἦν,
377 3917 457 3986 ἡδέος
474 3913 506 3971 ris
522 3912 620 3987 ἤξίωσα
637 3923 791 3989 κεκρᾶσθαί
806 3918 889 3992 ὥσπερ
906 3926 934 3974 ol
951 3927 977 3976 tn
994 3921 1028 3994 γῇ
1043 3920 1121 3979 κακῶς
1138 3919 1244 3972 δουλεύ-

186 4007 263 4047 οντες.
283 3988 318 4039 ci.
339 3987 403 4048 Plus,
423 3991 481 4058 περὶ
498 3988 584 4041 δεισιδ.
604 4001 626 4038 c.
644 3987 670 4044 6.
