2788 4422
599 260 863 325 2-42-

192 510 200 517 .
224 429 396 495 luculenter
416 429 553 496 tradidit.
599 431 767 498 Surorum
789 431 953 512 ιιιιὶλὶοιο,Χ
973 432 1158 522 simulatque
1180 437 1212 500 in
1234 458 1279 502 sa·

224 539 308 582 orum
331 517 478 583 Herculis
500 528 662 596 venerant,
694 517 916 604 non’amplius
938 520 971 583 in
992 521 1077 602 eius,
1113 522 1168 608 qui
1189 523 1278 588 insta·

225 605 290 680 bat,
322 602 536 667 misericordia
556 612 687 691 propter
707 606 903 670 sanctitatem
929 606 1037 691 templi
1058 611 1205 674 suseitata
1226 630 1279 694 po·

223 691 315 754 situm
338 698 419 768 erat,
446 711 552 755 verum
573 690 607 755 in
630 691 697 754 iure
718 690 867 775 singulari
888 691 969 769 faui,
1001 693 1089 779 quod
1111 695 1166 780 qui
1188 717 1279 761 nore·

222 785 286 854 rat,
319 797 358 841 ne
381 777 464 862 oepit
486 775 612 863 quidem
634 777 799 842 consilium
823 777 923 842 acrius
952 780 1175 869 persequendi3
1212 802 1281 867 sup

224 863 300 947 plex
334 873 434 926 autom
468 873 568 927 totum
600 886 635 928 se
671 863 732 927 deo
765 863 867 927 tradit.
918 864 1083 931 Simillima
1111 889 1167 935 res
1199 865 1280 953 apud

221 950 404 1014 Pausaniam
426 948 546 1034 legitur.
592 949 788 1036 Hippolytus
811 949 949 1015 venitin
971 951 1091 1017 Italiam
1107 954 1216 1039 ibique
1238 953 1280 1017 di·

224 1046 294 1100 cato
321 1036 468 1100 Aricinae
500 1037 621 1101 Dianae
646 1036 766 1123 templo
793 1037 944 1121 regnavit.
971 1039 1061 1103 ἔνθα
1088 1037 1164 1137 ἄχρι
1193 1038 1281 1123 ἐμοῦ,

221 1124 323 1211 pergit
351 1122 519 1187 Pausanias
533 1124 578 1202 ¹),
612 1125 818 1207 μονομαχίας
846 1114 959 1189 ἆθλον
987 1115 1030 1203 ἦν
1057 1126 1217 1208 ἱερασθαι
1242 1124 1281 1213 τῇ

221 1212 295 1288 θεῷ
317 1207 375 1273 τὸν
397 1212 545 1276 νικῶντα.
567 1206 584 1272 ὁ
609 1209 644 1272 δὲ
665 1205 756 1290 ἀγών
778 1209 959 1293 ἐλευθέριον
975 1215 1141 1289 προέκειτο
1164 1207 1280 1283 οὐδενί.

221 1299 359 1367 οἰκέταις
387 1295 422 1358 δέ
454 1292 621 1372 ἀποδρᾶσι
652 1292 731 1366 τοὺς
760 1292 929 1369 δεσπότας.
987 1295 1064 1361 Veri
1094 1296 1281 1361 simillimum

220 1388 280 1456 est,
323 1378 385 1442 hoc
422 1389 577 1442 certamen
619 1376 825 1440 caerimoniae
866 1379 966 1441 instar
1002 1380 1111 1442 initum
1155 1402 1226 1444 esse
1263 1402 1281 1444 a

220 1465 466 1552 supplicantibus
495 1463 592 1528 servis
619 1463 817 1548 victoresque
843 1483 910 1527 non
940 1463 1036 1528 modo
1064 1464 1183 1530 liberos
1216 1465 1278 1529 fac·

218 1563 284 1629 tos,
311 1552 385 1617 lieet
415 1551 594 1615 contraius
616 1548 860 1614 etvoluntatem
883 1571 1005 1629 eorum,
1041 1572 1173 1638 quorum
1194 1573 1279 1630 mau-

219 1640 301 1725 oipia
326 1639 461 1719 fuerant,
495 1637 607 1716 fiebat,
631 1636 847 1702 verumetiam
878 1635 956 1702 deae
977 1647 1178 1703 consecratos
1200 1660 1279 1706 esse.

218 1724 381 1791 Addamus
407 1724 546 1790 eiusdem
575 1723 747 1788 Pausaniae
776 1722 817 1787 de
845 1722 955 1788 Hebes
983 1723 1138 1791 Phliasiae
1160 1725 1279 1811 templo

219 1813 367 1889 verba²):
388 1806 481 1893 παρὰ
503 1810 538 1873 δὲ
560 1810 736 1884 Φλιασίοις
757 1810 798 1899 τῇ
820 1810 892 1890 θεῷ
913 1807 1015 1902 ταύτῃ
1040 1809 1204 1900 (εοἭβῃ)
1226 1816 1280 1876 καὶ

218 1892 317 1963 datar
337 1899 433 1980 τιμαὶ
453 1897 511 1961 καὶ
530 1899 686 1980 μέγιστον
707 1891 744 1959 τὸ
769 1901 801 1970 ἐς
821 1891 901 1970 τοὺς
923 1902 1047 1975 οἰκέτας
1060 1898 1099 1969 ³).
1121 1894 1281 1963 δεδώκασι

218 1980 282 2070 yoip
306 1980 347 2061 δὴ
371 1983 486 2048 ἄδειαν
508 1983 659 2047 ἐνταῦθα
680 1978 870 2049 ἱππεύουσι.
889 1983 1045 2060 λυθέντες
1060 1984 1094 2048 δὲ
1112 1987 1145 2048 οὶ
1160 1984 1281 2069 duopri-

217 2094 272 2136 ται
293 2065 353 2146 τὰς
374 2071 474 2144 πέδας
495 2064 578 2149 πρὸς
599 2064 642 2132 τὰ
665 2075 699 2132 έν
724 2069 771 2149 τῷ
799 2065 890 2133 ἄλσει
919 2070 1039 2153 δένδρα
1068 2066 1276 2134 ἀνατιθέασι.

217 2158 329 2244 quibus
360 2159 434 2244 quin
462 2155 583 2237 asylum
616 2153 819 2240 significetur,
857 2152 932 2217 mibi
953 2175 1028 2219 ,non
1055 2154 1185 2219 dubium
1221 2164 1279 2219 est.

216 2243 299 2308 Nam
321 2244 463 2308 libertate
484 2243 622 2328 privatus
644 2252 762 2306 tantum
784 2240 892 2305 auxilii
914 2242 1065 2327 consequi
1094 2239 1221 2320 dicitur,
1245 2250 1280 2305 ut

216 2351 235 2394 e
256 2329 461 2392 caerimoniae
483 2348 572 2389 more
594 2328 717 2390 vincula
739 2326 816 2389 deae
839 2338 1012 2393 consecret.
1020 2331 1049 2401 ⁴)
1071 2327 1132 2390 iam
1149 2327 1277 2391 inimico

216 2415 318 2480 omnis
340 2411 513 2478 ulciscendi
534 2421 673 2498 potestas
697 2407 819 2474 ademta
840 2419 904 2489 est,
931 2410 991 2473 iarn
1011 2412 1080 2474 sius
1102 2411 1282 2476 misericor.
1372 2434 1373 2449 ³

216 2501 286 2567 diae
308 2511 359 2565 aut
384 2499 562 2564 iracundiae
588 2499 664 2562 nibil
689 2494 792 2563 refert.
850 2496 887 2560 Iu
912 2495 1170 2581 praecedentibus
1197 2497 1280 2563 locis

216 2586 256 2652 de
279 2587 376 2651 servis
400 2607 574 2650 sermonem
596 2585 662 2649 fieri
684 2603 750 2646 non
772 2581 887 2667 ambigi
908 2591 1021 2667 potest.
1066 2582 1151 2658 Quid
1174 2594 1279 2648 autem

215 2672 317 2738 servi?
361 2671 450 2736 Haeo
472 2680 520 2736 est
541 2680 650 2736 nostra
670 2669 831 2734 sententia.
876 2667 945 2731 dam
968 2668 1189 2754 antiquissimis
1199 2679 1277 2734 tem·

214 2758 345 2844 poribus
380 2765 463 2820 certa
495 2778 582 2821 sacra
612 2777 649 2819 ea
679 2753 838 2841 supplices
864 2753 973 2820 tuendi
1004 2755 1037 2819 vi
1063 2755 1275 2842 praestabant,

197 2862 277 2931 ‘qna
297 2851 496 2931 peecatorum
519 2841 599 2905 mala
621 2840 877 2928 peccantiumque
897 2841 1035 2905 miserias
1064 2843 1193 2906 omniuo
1216 2842 1278 2906 tol·

213 2932 324 2999 lerent.
375 2929 467 3007 Quae
514 2948 586 2992 unm
615 2927 685 2992 talis
712 2927 858 3004 maculas
884 2929 917 2990 iu
944 2926 1126 2992 societatem
1153 2927 1278 3012 legibus

214 3016 420 3104 compositam
442 2950 587 3101 oiviiique
608 3012 774 3101 prudentia
794 3013 987 3080 moderatam
1009 3036 1074 3079 non
1103 3013 1209 3096 cadat,
1239 3035 1281 3079 ea

239 3238 248 3245 u

282 3259 311 3323 ι)
343 3254 373 3307 u
391 3257 433 3311 ar.
450 3254 476 3309 ι.
579 3255 609 3320 ν)
641 3251 674 3305 u.
694 3252 735 3308 ιο.
753 3254 780 3306 a
1152 3292 1156 3296 .

280 3344 311 3409 3)
347 3339 418 3392 llaec
436 3335 475 3390 est
490 3337 597 3409 vulgata
619 3336 714 3397 lectior
750 3336 811 3387 Fac.
836 3334 913 3391 Clara
934 3338 1021 3392 ἱκέτας.
1047 3349 1114 3401 quae
1136 3333 1279 3385 lectionum

212 3411 324 3463 varietas
341 3410 367 3457 in
386 3407 503 3458 omnibns
520 3407 576 3458 iere
593 3405 645 3456 buc
667 3404 853 3471 pertinentibus
870 3403 950 3465 loom,
970 3404 1029 3471 qnia
1046 3401 1168 3452 facillime
1187 3409 1278 3453 exorta

213 3486 265 3542 est,
284 3477 425 3539 iuvenitur,
444 3477 505 3542 quin
524 3475 599 3526 etiam
617 3473 661 3525 ubi
681 3474 811 3525 deservis
829 3488 862 3523 ne
880 3473 989 3540 cogitari
1008 3470 1110 3538 quidern
1128 3471 1202 3536 licet,
1226 3486 1280 3522 ve-

211 3549 257 3600 luti
274 3545 378 3596 lucian.
397 3543 523 3607 blsaecus.
539 3545 590 3595 «ed.
613 3544 670 3610 Bip.
693 3542 745 3597 Vll.
767 3558 792 3607 p.
811 3542 868 3595 did.
905 3542 976 3592 Reiz.
999 3554 1051 3590 non
1075 3539 1160 3602 deest,
1189 3554 1279 3607 nequo

211 3617 307 3683 ubique
330 3612 391 3680 qnid
418 3610 558 3678 genuinum
585 3614 632 3676 sit,
660 3611 797 3662 diiudicari
823 3617 912 3674 potest.
948 3609 1002 3660 Viri
1029 3608 1099 3659 docti
1125 3609 1280 3674 saepissime

212 3691 290 3737 ἱκέται
307 3682 444 3732 lectionem
462 3680 645 3746 praetulerunt,
664 3683 758 3731 οἰκέται
775 3678 881 3730 verbum
900 3678 982 3728 minus
1001 3677 1188 3745 aspernandum
1207 3692 1279 3742 esse,

214 3769 290 3820 qnam
307 3750 374 3803 solet
391 3749 462 3812 lieri,
481 3764 541 3799 mox
558 3747 712 3800 videbimus.

278 3845 310 3907 4)
342 3840 479 3894 simillima
497 3840 596 3892 ratione
614 3839 764 3891 Flaminiam
782 3838 825 3908 qui
839 3839 866 3889 in
883 3838 968 3890 vinela
983 3837 1094 3890 coniecti
1106 3837 1278 3898 intraverant,

213 3909 289 3961 liberi
309 3910 388 3972 lacti,
412 3919 519 3963 catenae
536 3915 620 3960 autem
638 3908 779 3960 dissolutae
796 3923 842 3973 per
855 3908 1006 3975 impluvium
1024 3907 1057 3958 de
1074 3915 1143 3971 teoto
1161 3910 1188 3960 in
1206 3907 1278 3960 riam

214 3978 426 4031 deminuerunt.
462 3994 486 4038 r.
505 3976 708 4031 liubmanni.
728 3975 758 4030 G.
774 3975 846 4039 δοιὰ.
863 3995 888 4031 u.
908 3976 1019 4030 Audeat.
1038 3979 1138 4051 psbvx
