2788 4422
551 313 767 375 ...37-

127 477 235 547 simum
259 480 394 562 effugere
415 477 594 564 cupiebant,
616 478 742 546 vincire.
787 481 860 559 Quo
888 484 954 548 iure
976 504 1069 572 quum
1090 507 1181 572 egen·
1233 490 1237 497 '

59 606 63 617 ·
125 565 236 629 tissimi
268 564 412 631 homines
447 566 580 649 graviter
608 576 804 650 urgerentur,
834 567 948 632 factum
981 580 1044 651 est,
1075 583 1110 636 ut
1140 573 1181 639 ad

123 649 299 716 evitandam
321 650 498 715 violentiam
520 650 668 736 templum
690 652 811 718 Dianae
832 654 1034 741 supplicaturi
1056 670 1179 743 appete-

122 746 209 813 rent,
237 735 323 820 quod
350 758 443 827 quum
465 735 619 802 eiusmodi
640 757 690 801 res
712 737 894 824 plerumque
914 740 949 804 in
969 741 1026 805 illa
1050 744 1179 827 regione

69 832 71 835 ’
122 832 314 904 gererentur,
341 821 627 888 commodissimum
650 832 728 902 erat,
751 833 817 902 ant,
840 824 868 887 si
889 824 994 891 utilius
1015 826 1187 894 videbatur

120 908 154 970 in
183 906 258 973 urbe
283 910 352 994 ipsa
378 909 525 974 auxilium
553 930 717 996 quaerere,
743 910 776 973 in
803 909 987 973 concionem
1009 913 1177 977 contenda·

119 1003 199 1060 rent.
246 994 331 1072 Quid
357 994 538 1079 igiturest,
573 993 660 1079 quod
687 995 744 1059 viri
776 994 877 1075 docti,
904 996 958 1081 qui
983 995 1177 1076 Monychiae

120 1078 269 1164 templum
291 1080 412 1161 asylum
434 1079 531 1142 fuisse
553 1088 740 1158 statuerunt,
761 1102 827 1145 non
850 1082 1035 1146 concionem
1050 1103 1176 1169 quoque

120 1163 258 1228 dixerint
275 1166 407 1243 asylum,
430 1165 462 1227 in
481 1184 541 1249 qua
556 1183 614 1228 nec
629 1163 780 1228 minorem
796 1165 904 1230 salutis
920 1188 1008 1252 spem
1031 1169 1176 1252 posuisse

118 1248 251 1313 miseros
285 1259 317 1314 et
350 1249 457 1313 eadem
490 1249 663 1336 supplicum
691 1252 878 1315 caerimonia
903 1273 978 1317 usos
1010 1273 1080 1316 esse
1113 1252 1173 1316 De·
1216 1318 1220 1325 ,

118 1335 293 1400 mosthenis
320 1335 424 1400 verbis
451 1335 526 1400 satis
555 1335 723 1420 probatur?
779 1337 946 1411 Quaeritur
972 1346 1072 1401 autem
1100 1336 1175 1423 quid
1265 1338 1272 1345 ’

117 1420 275 1504 supplices
296 1419 493 1505 profecerint.
540 1421 833 1506 compensationem
850 1422 1009 1491 consecuti
1028 1430 1101 1486 sunt
1118 1422 1173 1486 bo·

115 1525 245 1584 norum,
278 1507 306 1569 si
336 1506 415 1568 iuste
446 1507 610 1589 conquesti
643 1516 726 1581 sunt,
761 1507 851 1570 nimis
886 1526 980 1589 grave
1012 1507 1073 1571 sibi
1102 1528 1173 1572 esse

116 1594 328 1674 τριηραρχίας
349 1611 445 1669 ontis,
468 1591 495 1655 si
516 1591 634 1670 minus,
662 1589 733 1673 lege
755 1589 857 1655 coacti
879 1601 964 1669 suot,
991 1600 1024 1656 ut
1046 1613 1172 1657 munera

11 1676 13 1691 '
115 1675 324 1760 fungerentur.
382 1676 606 1752 Boeckhius1)
640 1676 764 1763 quidem
798 1676 931 1763 primum
961 1675 1072 1740 iactam
1103 1699 1172 1742 esse

11 1762 12 1807 l
114 1762 270 1828 bonorum
293 1764 594 1849 compensationem,
627 1783 664 1827 ea
692 1772 792 1826 autern
819 1762 906 1826 irrita
942 1763 1026 1843 („im
1052 1767 1171 1827 iusscr·

115 1859 183 1913 sten
206 1849 337 1924 Faria)
359 1850 504 1914 miserum
526 1849 637 1914 fecisse
659 1848 928 1935 supplicationem.
977 1847 1083 1912 Animi
1106 1849 1171 1935 qni·

114 1934 185 1999 dem
220 1935 347 2022 pendeo
375 1946 485 2001 contra
512 1936 611 2000 uirum
637 1934 823 2019 singularam
850 1933 967 2021 aliquid
1002 1933 1170 2020 disputare,

114 2030 147 2085 at
167 2022 227 2084 hae
250 2022 289 2086 tle
311 2042 346 2086 re
372 2042 436 2085 non
458 2022 549 2108 potui
575 2021 641 2084 eius
668 2022 851 2085 sententiam
877 2021 1020 2107 probare.
1068 2019 1170 2084 Vehe-

112 2116 232 2173 menter
253 2109 334 2172 enirn
356 2106 494 2172 interfuit
514 2106 560 2171 rei
581 2106 739 2192 publicae,
767 2115 802 2170 ut
825 2109 1031 2190 τριηραρχίαι
1057 2126 1169 2191 prope·

112 2203 255 2257 narentur
275 2195 456 2278 praesertim
479 2215 572 2277 quum
595 2193 681 2255 multi
705 2192 768 2254 suis
791 2189 884 2254 rebus
907 2189 1082 2273 diligentius
1096 2210 1170 2253 con·

114 2278 251 2341 sulentes
265 2298 356 2361 quam
373 2278 491 2362 patriae
506 2276 680 2339 commodis
696 2296 775 2339 onus
787 2274 1000 2357 subterfugere
1014 2285 1170 2360 cuperent.

114 2363 216 2438 Quam
251 2363 294 2427 ob
325 2384 390 2426 rem
421 2383 528 2425 eorum
555 2360 608 2446 qui
635 2365 666 2425 οἱ
695 2356 889 2435 ἀποστολεῖς
918 2361 1062 2426 dicuntur
1093 2372 1169 2441 erat,

112 2459 147 2512 nt
168 2448 375 2514 tardissimum
399 2469 551 2535 quemque
573 2446 732 2515 vincirent.
778 2448 851 2523 Quo
873 2448 905 2512 in
927 2468 1054 2512 munere
1068 2449 1168 2513 curio·

9 2556 10 2565 ¹
112 2534 227 2598 sissimi
249 2535 382 2599 fortasse
402 2555 511 2620 parum
534 2532 754 2612 consulebant,
777 2533 798 2594 ii
812 2532 863 2618 qui
878 2534 911 2596 in
925 2543 1062 2618 egestate
1075 2534 1169 2598 vitam
1229 2562 1231 2567 ’

112 2620 282 2705 degebant,
316 2620 399 2686 iusto
429 2619 584 2685 difficilius
607 2621 800 2705 susciperent
822 2638 902 2683 onus
929 2640 969 2686 an
991 2618 1072 2684 ferre
1093 2641 1167 2706 pos·

111 2719 195 2786 sent,
218 2707 274 2773 scd
296 2708 474 2772 vinciebant
495 2725 617 2791 segnes.
664 2708 735 2784 Qua
757 2704 797 2769 de
824 2726 917 2770 causa
943 2707 1047 2771 miseri
1074 2727 1167 2792 quum

112 2794 198 2856 omni
220 2814 332 2879 spese
355 2794 520 2859 destitutos
542 2803 719 2872 cernerent,
750 2790 898 2857 auxilium
925 2792 1061 2858 divinum
1084 2802 1166 2879 pete·

111 2877 189 2944 bant
213 2889 266 2944 aut
297 2879 375 2944 illud
405 2880 515 2945 civium
541 2879 743 2966 praesidium,
770 2878 857 2966 quod
880 2901 898 2943 a
924 2878 994 2965 lege
1016 2900 1166 2944 summum

110 2976 192 3044 erat,
221 2967 404 3031 concionem
427 2969 501 3031 dico
528 2967 630 3051 plebis
657 2968 766 3053 ipsam.
826 2965 893 3029 iam
920 2987 996 3030 uero
1024 2965 1166 3052 supplice

110 3050 357 3114 misericordiam
379 3061 410 3114 et
430 3053 652 3135 indulgentiam
675 3059 826 3116 exorante
841 3049 1077 3128 diiudicabatur,
1100 3071 1165 3115 rec·

109 3144 184 3201 tene
197 3135 415 3223 deprecaretur
429 3158 509 3201 onus
525 3157 564 3200 an
578 3135 803 3222 indulgendum
818 3136 849 3199 ei
864 3158 928 3199 non
944 3146 1035 3199 esset.
1048 3156 1084 3196 ac
1099 3155 1164 3196 sae·

108 3243 297 3308 penumero,
330 3224 357 3287 si
384 3224 509 3308 quidem
536 3224 722 3307 supplicatio
744 3223 825 3281 iusta
851 3229 931 3296 erat,
965 3218 1167 3282 celeberrima

107 3307 164 3371 illa
186 3319 217 3370 et
239 3309 430 3371 Graecorum
454 3307 586 3391 propria
611 3305 706 3367 tiebat
731 3301 811 3365 ratio
839 3321 895 3364 sua
922 3312 954 3368 et
981 3303 1076 3385 alius,
1110 3304 1165 3390 qui

108 3391 289 3479 opulentior
310 3413 380 3456 esse
402 3390 573 3468 dicebatur,
597 3390 672 3456 civis
692 3387 915 3474 compensandi
930 3390 1022 3455 bona.
1068 3389 1165 3470 Quod

108 3480 136 3546 si
158 3483 293 3544 ἱκέτααιι
315 3499 385 3542 eum
406 3478 518 3544 fecisse
541 3476 633 3558 dicis,
661 3476 714 3563 qui
740 3476 1002 3560 compensationis
1030 3498 1086 3563 spe
1108 3477 1164 3543 fal·

109 3588 163 3632 sus
185 3568 239 3647 sit,
264 3585 380 3651 quaero
402 3586 443 3629 ex
464 3574 510 3645 te,
534 3584 613 3649 quae
639 3562 764 3627 tandem
790 3559 880 3627 fuerit
901 3561 1026 3629 fortuna
1047 3564 1164 3651 suppli·

109 3673 188 3716 eum.
232 3652 284 3717 An
306 3651 397 3717 liberi
419 3650 492 3716 sacti
514 3649 605 3715 sunt?
648 3649 693 3715 At
714 3646 855 3734 profecto
878 3650 966 3715 multi
988 3651 1163 3721 extitissent

108 3737 267 3822 supplices
290 3747 321 3802 et
342 3738 450 3805 nescio
473 3757 536 3822 quo
559 3744 651 3824 paeto
679 3757 730 3801 res
756 3737 893 3823 potuerit
917 3738 1079 3823 properari
1112 3746 1164 3800 aut

109 3823 237 3888 omnino
265 3822 330 3889 ulla
357 3823 570 3912 compensatio
590 3844 673 3903 esse,
699 3822 758 3890 nisi
779 3822 896 3904 ultima,
920 3844 999 3908 qnae
1020 3819 1162 3885 adhiberi

106 3951 309 3965 m

176 4008 206 4075 l)
242 4004 341 4067 Oecou.
359 4010 418 4065 Aah.
437 4009 466 4065 ll.
485 4028 509 4082 p.
527 4013 570 4067 81.
617 4076 624 4082 ,
