2788 4422
532 243 746 340 ..so-

110 441 185 522 baa,
216 439 331 528 quens
357 437 447 523 asyla
468 438 638 507 ambitione
659 434 787 527 publiea
806 440 954 507 rannone
979 458 1073 526 quum
1097 456 1164 503 non

109 526 239 614 amplius
258 523 446 591 laomiueeii
475 541 597 606 essem,
629 529 682 614 qui
709 525 787 590 nihil
815 526 948 591 armarius
973 535 1027 590 aut
1047 523 1165 591 tristius

110 611 271 693 ducerent,
305 631 398 697 quam
432 611 466 674 iu
499 611 573 677 luco
602 633 692 677 sacro
721 611 830 677 abdito
856 613 979 697 ingrnuo
1006 610 1071 675 otio
1093 608 1164 687 frui,

108 695 287 784 praesertim
309 716 404 782 quum
425 716 535 762 recens
557 696 692 783 supplex
714 719 785 761 curn
806 696 890 761 baud
912 698 1025 781 exigua
1047 692 1164 780 suppli-

105 803 177 846 oum
203 780 295 846 turba
321 781 572 862 consociaretur,
600 783 709 847 mirum
735 781 768 844 in
790 781 918 846 modum
940 790 984 845 ex'
1015 787 1165 845 vetustate

106 864 413 951 redintegrabuntur,
447 866 591 933 videntur
622 866 811 949 effloruiss03
849 865 946 930 multo
978 873 1080 943 autom
1105 862 1165 927 ire

106 952 251 1041 queatiuu
271 950 306 1015 in
327 951 439 1018 insulis
452 953 479 1030 ¹)
502 954 618 1017 eteris
646 951 815 1017 maritumis
842 950 938 1015 Asiae
959 949 1090 1014 minoris
1111 967 1165 1012 ex·

106 1035 298 1103 obscuritate
321 1036 511 1123 antiquitatis
532 1036 671 1123 repetitis
698 1036 871 1121 originibus
897 1037 963 1101 aive
989 1035 1070 1099 veris
1099 1032 1166 1096 aiae

107 1120 187 1186 lictis
208 1121 378 1187 extiterunt
400 1120 498 1201 asyla,
523 1141 601 1207 quae
623 1130 658 1186 ut
678 1142 753 1186 mox
775 1122 918 1208 pessimis
933 1120 1046 1203 referta
1061 1125 1168 1184 assent
1234 1206 1239 1223 Ι
1338 1172 1341 1179 .

109 1205 318 1272 necessarium
340 1214 414 1271 erat

196 1289 287 1366 Quae
310 1290 338 1354 si
359 1312 399 1355 eo
421 1309 504 1353 nexu
525 1288 607 1354 inter
628 1311 663 1355 sc
685 1290 854 1361 cohaerere
876 1290 1066 1376 putabimus,
1094 1286 1166 1352 laci·

108 1373 177 1440 lius
191 1395 433 1456 cognoscemus,
461 1394 527 1439 non
548 1374 678 1440 fortuito
700 1375 814 1440 iactum
837 1396 921 1455 esse,
952 1386 986 1439 ut
1007 1373 1167 1454 asylorum

102 1458 257 1525 'memoria
277 1457 506 1544 posterioribus
529 1457 651 1523 demum
673 1460 866 1544 temporibus
888 1469 1043 1545 umquam
1058 1478 1077 1521 e
1092 1457 1166 1521 fluc-

106 1546 191 1611 tibus
223 1542 558 1630 rerumpublicarum
593 1553 737 1628 emergat
802 1542 898 1629 Apud
931 1541 1124 1624 Aeschylum
1136 1542 1166 1619 ²)

108 1627 233 1730 quidem
254 1628 382 1696 Danaus
404 1628 591 1713 Argivorum
616 1629 695 1693 scita
721 1628 821 1694 choro
849 1629 1025 1716 supplicum
1054 1648 1165 1692 renun-

7 1724 8 1761 t
90 1723 165 1780 bat
184 1713 280 1781 baeer

308 1825 379 1899 ἡμᾶς
392 1835 520 1898 μετοικεῖν
536 1826 582 1896 τῆς
599 1831 626 1881 δε
643 1830 690 1898 γῆς
707 1832 856 1901 ἐλευθέρους

309 1898 508 1966 κοῤῥυσιάοτους
524 1898 567 1955 ξύν
583 1897 606 1948 τ’
625 1891 719 1965 (inulte
735 1899 833 1968 βροτῶν

309 1968 352 2044 aqui
368 1958 428 2033 μήτ’
444 1968 547 2018 natm
562 1958 623 2034 μήτ’
640 1963 770 2033 ἐπηλύδων
786 1964 845 2017 τινὰ

310 2050 391 2098 aytis.

7 2178 8 2205 r
109 2141 141 2198 et
161 2127 282 2197 verbis:
304 2127 363 2211 ξύν
384 2126 409 2193 τ’
431 2126 552 2214 ἀσυλίᾳ
573 2130 730 2215 βροτῶν
752 2138 868 2196 eertum
891 2092 1057 2215 quoddam
1071 2097 1168 2207 sane-

7 2230 8 2249 t
109 2215 218 2292 litatis,
240 2214 366 2293 tutelae,
388 2213 541 2278 libertatis
561 2235 659 2297 genus
676 2215 757 2278 inter
777 2213 921 2278 homines
944 2213 1019 2277 satis
1043 2211 1167 2290 cultum,

27 2340 30 2347 ι
68 2297 77 2311 “
110 2310 144 2367 ut
166 2298 303 2379 videtur,
333 2296 535 2383 significatur,
564 2318 748 2387 quamquam
775 2297 933 2386 supplices
962 2316 1029 2371 non
1055 2296 1088 2361 in
1114 2297 1166 2364 Ju-

181 2575 210 2638 l)
241 2570 367 2625 lacerem
385 2580 424 2624 eat
440 2579 466 2624 et
482 2572 677 2641 relinquendum
702 2574 818 2637 videtur,
841 2570 980 2638 proverbio
998 2532 1097 2640 ἑκυρίο
1113 2573 1170 2636 δίκη

8 2618 9 2683 l
106 2642 159 2708 (oi.
176 2639 276 2693 Pulluc.
295 2640 360 2693 Vlll.
377 2642 411 2695 tt
428 2643 502 2706 extr.)
519 2658 570 2710 quo
588 2643 739 2708 interpretes
757 2643 894 2695 admodum
907 2640 1013 2692 cruciati
1024 2646 1091 2704 aunt,
1108 2654 1170 2690 aura

8 2766 9 2771 ,
108 2709 211 2776 asylum
231 2709 391 2778 significetur
407 2724 499 2762 necne.
534 2709 597 2762 llrat
613 2712 682 2762 enim
698 2727 754 2762 moe
770 2710 963 2765 Atheniensium
975 2715 1009 2763 nt
1032 2708 1076 2775 qui
1093 2708 1169 2758 incn-

107 2779 206 2831 riarum
222 2778 319 2828 actioni
337 2779 408 2843 (narn
425 2778 460 2830 de
476 2777 526 2829 bac
543 2777 625 2831 aoluru
643 2779 807 2845 prouerbium
825 2776 1020 2845 intelligendum
1037 2772 1095 2828 eaae
1106 2774 1170 2827 Pul·

109 2845 177 2898 lucia
194 2844 276 2896 uerba
292 2845 474 2910 praecedentia
492 2848 641 2912 ostendunt)
659 2847 766 2900 obnoxii
783 2855 869 2911 erant,
888 2846 986 2897 iudicio
1003 2859 1067 2897 uero
1085 2859 1114 2895 ee
1131 2843 1170 2897 ei·

108 2921 179 2968 aiere
196 2912 373 2966 detrectabant
389 2920 433 2966 aut
449 2914 790 2980 sycophantarumineidias
807 2915 923 2983 elingere
940 2912 1076 2974 volebant,
1094 2912 1170 2963 ‹lice-

108 2989 178 3037 rent:
205 2984 320 3048 Σκορίαν
342 2983 424 3047 δίκηνι
470 2981 556 3035 Potest
584 2984 649 3039 baec
677 2985 807 3036 cavillatio
829 2984 867 3034 sic
890 2981 1029 3048 explicari:
1064 2981 1107 3045 „ei
1129 2992 1170 3030 nne

109 3049 215 3113 actione
233 3049 354 3115 persequi
376 3048 462 3115 uoles,
489 3050 551 3103 milti
574 3053 677 3119 quidem
699 3051 812 3117 placebit
827 3051 854 3101 in
871 3051 979 3115 Scyrum
1000 3046 1109 3100 inanlarn
1126 3049 1170 3099 in-

110 3115 896 3253 tittutliutitifffluliti‘ltu‘btbl‘til
913 3115 1172 3251 titillatur

419 3208 429 3235 d
751 3210 772 3241 li.
810 3226 816 3238 a

110 3261 138 3306 et
155 3266 215 3305 reos
231 3267 327 3320 magua
346 3252 497 3305 crudelitate
520 3261 576 3305 acta
599 3257 643 3320 ait,
670 3254 717 3306 aed
741 3256 801 3323 qnia
824 3269 896 3305 reum
918 3259 1066 3317 persecutus
1088 3251 1172 3303 multia

109 3319 237 3375 molestiis
260 3332 398 3384 oppreaaua
419 3326 466 3371 eat.
512 3317 614 3386 Optime
635 3321 669 3372 ad
698 3321 724 3373 id
747 3323 881 3390 quadraret
903 3335 975 3385 prov.
1000 3323 1076 3387 Σκορ.
1096 3311 1172 3386 ἀρχή,

109 3387 182 3458 quod
200 3385 324 3437 Enemue
340 3392 417 3441 tenue
434 3401 544 3456 regnum
561 3390 739 3456 interpretatus
756 3399 808 3455 est,
840 3388 937 3443 Zenob.
962 3386 1032 3439 Suid.
1057 3387 1099 3438 toi
1120 3385 1171 3435 riis

109 3451 217 3508 ιῦτελῶν
234 3456 278 3507 καὶ
295 3454 376 3521 μηδὲν
392 3455 515 3516 λυσιτελὲς
531 3453 642 3522 ἐχόντων
659 3458 754 3509 dietum
772 3473 830 3511 ease
842 3456 939 3509 volunt
975 3455 1046 3508 ldern
1059 3452 1171 3505 valuisse

108 3523 140 3575 iu
156 3523 253 3574 Lemno
272 3525 298 3572 et
315 3521 399 3574 lmbro
418 3538 450 3575 ex
467 3523 578 3589 lleeycb.
599 3540 619 3578 a
637 3540 662 3579 n.
683 3519 795 3595 Ἴμβριος
819 3525 959 3586 conficies,
977 3524 1090 3592 indeque
1113 3519 1171 3571 iae-

108 3597 165 3645 tuun
182 3597 265 3651 esset,
284 3596 312 3639 ut
328 3587 482 3644 nunloinae
501 3607 568 3658 pace
585 3593 785 3660 sumbernun,
812 3590 898 3647 lambro
923 3598 949 3645 et
965 3592 1048 3659 Scyro
1067 3587 1172 3640 libertas

109 3659 364 3723 noa-restitueretur.
407 3658 451 3712 Sic
469 3659 601 3717 Welclrer.
619 3661 715 3715 Aescb.
739 3661 838 3730 Trilog.
861 3660 963 3727 prino.
1007 3660 1041 3712 At
1057 3656 1127 3709 nulla
1145 3655 1173 3706 fla

111 3726 446 3793 caerimoniarum,
462 3729 521 3783 aina
538 3745 589 3797 qua
605 3730 705 3795 asylum
722 3737 834 3785 mouere
853 3728 1021 3783 nullomodo
1042 3724 1118 3777 nebia
1136 3722 1172 3773 li·.

111 3796 165 3853 eei,
199 3788 286 3861 ltaque
303 3808 356 3845 noa
372 3795 429 3849 aino
446 3797 511 3849 iusta
529 3810 607 3850 cauea
623 3804 713 3851 eontra
724 3798 888 3852 Welelrerunn
906 3804 1005 3865 pagum
1017 3790 1173 3848 bobeektiua

9 3906 10 3921 2
112 3859 245 3931 Aglaopb.
262 3874 289 3925 p.
308 3861 383 3916 tuen.

181 3943 211 4009 2)
245 3939 334 4009 suppl.
351 3944 412 3998 609.

952 4012 1105 4145 α’,ι
