2788 4422
671 298 882 364 ..30...

249 468 393 551 debetur,
422 488 502 556 quos
524 466 671 534 etiamin
690 471 854 557 peregrina
875 482 959 536 terro
987 471 1116 558 primurn
1144 490 1301 539 sacrorum

249 565 359 622 saneto
386 557 575 621 munimento
603 576 673 621 sese
702 557 832 622 tutiores
859 578 929 622 esse
961 557 1099 623 voluisse
1129 561 1301 626 coniieien—

248 642 321 708 dum
344 653 400 709 est.
917 671 927 691 ·

334 731 376 792 At
397 726 448 790 hie
471 727 572 792 omnis
594 747 698 793 sermo
722 725 762 792 de
784 730 890 811 ἱκεσία
911 727 976 814 illa,
1000 748 1091 815 qnam
1115 732 1227 796 Graeci
1248 754 1302 798 vo·

248 823 332 892 eant,
358 813 403 882 fit.
450 813 534 891 Quid
556 813 680 878 taudem
706 812 1051 898 descendentis,
1079 817 1110 880 in
1133 839 1194 904 qua
1216 839 1301 883 enar·

247 900 345 967 reuda
370 911 529 966 versatura
556 909 622 965 erat
649 910 701 965 tua
732 900 853 964 oratio?
896 900 947 964 An
978 923 1054 966 vero
1091 913 1221 989 utraque
1256 912 1302 969 est

246 988 354 1063 eadem
376 985 447 1051 res?
491 985 580 1050 Haec
601 996 632 1051 et
654 985 714 1051 alia
736 986 924 1072 obloquetur
949 987 1024 1059 mihi
1046 988 1157 1074 aliquis
1184 986 1301 1075 vitupe·

245 1072 337 1138 randi
358 1080 410 1137 aut
431 1071 580 1136 incitandi
602 1094 704 1136 causa.
732 1082 763 1137 et
788 1081 873 1137 recte
899 1070 1034 1158 quidem.
1088 1074 1170 1139 Nam
1201 1095 1303 1160 neque

246 1180 265 1224 e
292 1159 361 1244 lege
394 1178 528 1245 unquam
558 1157 598 1223 de
624 1158 736 1241 asylis,
774 1168 921 1244 quantum
949 1160 1108 1235 novimus,
1144 1161 1302 1246 prioribus

245 1244 452 1330 temporibus,
487 1244 541 1309 ubi
562 1245 660 1309 libera
681 1254 748 1309 erat
774 1245 921 1323 Graecia,
953 1256 1053 1310 aetum
1083 1255 1131 1311 est
1157 1266 1257 1334 neque
1284 1266 1303 1311 a

246 1331 451 1414 scriptoribus
474 1332 728 1394 commemoratio
751 1330 794 1408 lit,
818 1335 940 1396 ίκεσίαν
961 1352 1037 1397 vero
1051 1341 1085 1396 et
1105 1332 1137 1396 in
1149 1334 1302 1416 religione

245 1424 277 1478 et
297 1415 330 1477 in
352 1412 482 1476 historia
509 1411 560 1476 uel
586 1412 795 1496 gravissimam
816 1433 882 1475 rem
903 1414 998 1476 fuisse
1020 1424 1182 1497 poetarum
1205 1419 1301 1503 scrip·

244 1509 408 1585 torumque
429 1497 568 1583 reliquiis
591 1509 720 1585 apparet
736 1518 838 1583 neque
858 1518 877 1561 a
898 1497 999 1561 causis
1021 1498 1231 1586 institutisque
1245 1522 1300 1588 pu·

245 1585 336 1650 blicis
359 1583 490 1649 alienam
512 1584 610 1648 fuisse
637 1593 668 1648 et
695 1594 835 1648 oratores
861 1583 1022 1648 nonnullis
1044 1584 1124 1649 loeis
1147 1595 1179 1650 et
1199 1587 1240 1652 ab
1261 1588 1300 1653 iis

244 1671 513 1757 grammaticisque
533 1669 663 1735 traditae
686 1670 802 1735 docent
823 1668 920 1754 leges,
944 1671 1056 1756 quibus
1072 1671 1243 1757 supplicem
1266 1696 1300 1739 se

243 1755 415 1842 praebendi
430 1756 554 1824 licentia
568 1756 619 1820 vel
632 1758 833 1822 coercebatur
855 1756 905 1820 vel
928 1758 1125 1822 statuebatur.
1155 1759 1299 1824 Celeber-

244 1843 322 1908 rima
344 1843 425 1906 enim
447 1842 503 1906 illa
525 1842 699 1907 Andocidis
727 1843 768 1908 de
794 1843 949 1925 mysteriis
982 1862 1074 1907 causa
1103 1843 1300 1928 plebiscitum

242 1927 403 2004 novimus,
437 1929 568 2014 nequis
594 1928 735 1995 libellum
762 1929 934 2017 supplicem
961 1928 993 1993 in
1024 1931 1144 2016 templo
1176 1932 1300 1996 Cereris

241 2013 411 2079 Eleusinae
432 2016 649 2095 mysteriorum
671 2026 812 2102 tempore
839 2024 952 2101 ponat,
988 2015 1074 2101 quod
1101 2015 1155 2103 qui
1179 2016 1298 2096 fecerit,

242 2099 369 2164 multam
390 2100 476 2164 mille
498 2100 712 2166 drachmarum
734 2103 850 2181 luat.¹)
879 2110 989 2166 eontra
1011 2101 1050 2166 de
1071 2102 1168 2166 altera
1195 2104 1298 2167 conci·

243 2206 305 2250 one
333 2185 449 2251 Pollux
475 2187 568 2254 refert
577 2189 623 2272 ²):
655 2184 675 2267 ἡ
700 2188 734 2252 δὲ
755 2189 886 2269 δευτέρα
910 2189 1061 2264 ἐκκλησία
1082 2184 1207 2252 ἀνεῖται
1227 2198 1300 2264 τοῖς

241 2273 469 2354 βουλομένοις,
496 2271 599 2350 ἀδεῶς
624 2276 725 2360 λέγειν
751 2277 825 2356 περί
850 2295 884 2336 τε
907 2273 998 2337 idion
1021 2273 1164 2337 καὶτῶν
1191 2273 1298 2353 δημο-

241 2360 329 2420 σίων.
375 2357 488 2441 Neque
508 2359 541 2418 in
569 2361 632 2422 vita
659 2361 818 2422 communi
843 2357 1000 2420 insolitam
1028 2357 1123 2420 fuisse
1149 2359 1298 2444 supplicis

240 2441 421 2505 memoriam
443 2441 470 2504 si
493 2441 561 2527 quis
588 2441 677 2520 velit,
705 2440 779 2505 inde
807 2439 948 2523 colligat,
982 2439 1069 2524 quod
1092 2437 1216 2519 Ἱκέσιος
1241 2444 1299 2510 ho·

240 2526 332 2592 minis
341 2527 386 2607 ⁰),
418 2524 545 2592 Ἶκετεία
575 2527 639 2593 1οοὶ
671 2526 842 2610 alicuius⁴)
882 2542 998 2589 nomen
1034 2527 1195 2612 proprium
1229 2530 1297 2596 fuit.

240 2612 309 2676 Jam
331 2633 405 2678 vero
429 2612 598 2696 quaeritur,
622 2634 661 2677 an
684 2613 791 2691 nobb,
818 2611 994 2695 ubieunque
1017 2611 1057 2675 de
1079 2616 1197 2694 ἱκεσία,
1229 2621 1297 2680 ἱκε-

242 2700 325 2776 τεία,
348 2700 465 2772 ἱκέταις
480 2699 589 2781 agitur,
613 2698 653 2763 de
667 2696 803 2773 ἀσυλίας
817 2699 883 2760 iure
898 2696 1036 2779 cogitare
1051 2696 1152 2761 liceat.
1200 2700 1297 2777 Quod

178 2843 182 2855 .
240 2781 267 2844 si
288 2781 409 2855 liceret,
443 2784 580 2846 omnium
609 2781 795 2868 templorum
822 2791 986 2867 utrumque
1013 2803 1176 2849 commune
1201 2785 1298 2853 fuisse

238 2864 470 2950 intelligeretur.
525 2867 570 2932 At
595 2877 769 2955 repugnant
795 2868 916 2932 urbium
942 2866 1065 2932 illarum
1092 2890 1110 2933 a
1131 2872 1243 2936 Tacito
1266 2881 1298 2937 et

239 2950 336 3016 titulis
358 2971 452 3036 supra
473 2949 575 3018 allatis
598 2953 786 3020 certissimae
807 2953 907 3019 factae
930 2955 1162 3037 contentiones,
1184 2957 1296 3043 quibus

239 3128 437 3140 NJ

238 3239 381 3292 severiores
403 3239 544 3290 sententiae
573 3241 619 3305 (de
643 3239 717 3308 legg.
738 3235 767 3290 θ’
790 3255 807 3306 p
834 3239 886 3294 sto
908 3241 976 3307 sqq.)
1003 3241 1062 3308 quia
1085 3241 1160 3292 unius
1182 3240 1294 3292 Platonis

237 3308 323 3371 potius
341 3322 416 3374 quam
434 3307 555 3375 vulgares
573 3309 709 3375 opiniones
726 3315 792 3370 sunt,
810 3307 864 3373 hic,
882 3310 1030 3377 nelongius
1047 3309 1176 3375 abeamus,
1193 3309 1293 3362 silentio

236 3374 476 3439 praetermittendae
493 3381 559 3432 sunt,

215 3469 217 3473 ·
305 3460 337 3521 l)
371 3457 474 3509 Andoe.
492 3459 542 3527 (i.)
564 3457 598 3510 de
620 3465 694 3524 myst.
716 3474 742 3525 p.
765 3459 815 3519 110
832 3471 887 3525 sqq.
923 3459 957 3511 ci.
975 3460 1068 3513 bleurs.
1086 3464 1116 3514 ll.
1134 3461 1175 3515 34.
1211 3458 1292 3516 liuha.

238 3524 270 3576 ad
289 3522 354 3579 Poll.
373 3525 496 3580 v111.96.

304 3607 336 3672 2)
370 3606 462 3659 rouo
478 3607 540 3664 vm.
558 3609 600 3663 sc.
636 3610 672 3663 or.
691 3608 824 3663 artemam.
841 3610 916 3667 ron.
934 3610 976 3664 or.
993 3626 1016 3676 p.
1038 3610 1093 3663 rsa.
1180 3592 1184 3603 '

303 3691 334 3758 3)
367 3691 468 3749 Audeo.
488 3692 521 3743 tle
539 3700 613 3760 myst.
632 3709 657 3759 p.
676 3695 717 3746 12.
749 3689 852 3746 Ἱκέσιον
867 3691 912 3746 τὸν
930 3690 1049 3762 αὐλητήν.

305 3776 335 3842 d)
372 3776 399 3830 C.
418 3775 443 3831 d.
466 3793 491 3828 n.
511 3777 586 3831 1534.
609 3794 634 3832 v.
654 3779 694 3829 12.
731 3771 782 3830 cini
806 3773 948 3850 diriperes
969 3775 1016 3830 cdv
1038 3773 1119 3845 [riddv
1136 3808 1207 3820 ---
1225 3776 1291 3847 τοί]ν

236 3844 272 3900 είς
288 3840 336 3895 τὰν
351 3839 468 3897 ‘lueretur
485 3849 527 3897 καί
546 3837 600 3895 dno*
616 3845 705 3911 τ[ἆ]ς
723 3841 837 3905 ‘Incertus
859 3849 904 3906 ἕως
924 3850 960 3905 εἰς
980 3844 1027 3898 τὰν
1044 3842 1108 3901 ὁδόν
1123 3870 1146 3900 κ.
1164 3869 1187 3899 τ.
1205 3850 1228 3900 ί.
1263 3855 1291 3902 lu

235 3909 308 3962 titulo
330 3912 364 3963 de
385 3914 484 3965 iudicio
502 3914 590 3965 finium
607 3913 780 3981 regundorum
794 3915 836 3969 vel
853 3915 1023 3982 possessionis
1042 3930 1163 3987 agrorum
1180 3917 1290 3972 Arcadi-

239 3988 327 4030 eorum
345 3981 437 4048 agitur.
464 3982 499 4034 cf.
518 3979 636 4035 [iosoltb.
664 3982 666 3985 ’
