2788 4422
638 290 681 335 '-
726 287 852 350 lt·-

220 472 295 520 verc
319 469 440 533 eorum,
463 454 517 540 qui
538 454 660 520 Istrone
682 464 735 521 aut
754 452 882 520 aliunde
903 475 942 518 co
970 453 1181 542 confugissent
1203 474 1273 542 sup-⁴

220 539 333 690 plliges,
367 541 620 604 commemoratio
647 541 855 616 contineatur,
894 540 955 604 iam
986 541 1073 606 nulla
1091 541 1275 628 relinquitur

243 624 383 689 citatio.
937 687 939 690 ⁴

305 707 538 773 Percrebruisse
560 731 617 797 per
638 711 731 776 urbes
752 709 914 775 licentiam
925 709 1085 791 asylorum
1103 722 1134 776 et
1143 707 1274 776 'Tacitus

220 796 419 882 conqueritur
442 794 521 859 etsi
552 797 618 861 eius
635 798 762 875 aetatis,
797 816 858 882 qua
880 803 981 860 aetate
1003 814 1124 861 morum
1150 797 1275 883 integri-

219 890 267 946 tas
295 880 469 947 aboleverit
497 889 528 946 et
553 883 690 947 sincerus
718 881 848 947 deorum
870 881 972 946 cultus
998 883 1059 946 iam
1085 881 1208 970 pridem
1236 902 1275 946 ex

219 968 329 1033 animis
352 968 524 1045 evanuerit,
552 969 632 1033 ratio
655 968 821 1047 habeatur,
854 988 946 1032 nemo
970 978 1033 1048 est,
1059 968 1113 1053 qui
1135 968 1275 1049 miretur,

219 1063 322 1118 tamen
343 1053 421 1117 utin
437 1053 664 1134 enumerandis,
687 1075 767 1139 quae
781 1062 901 1120 veteres
915 1074 975 1139 pro
993 1053 1089 1135 asylis
1102 1053 1275 1133 habuerint,

218 1137 343 1225 templis
366 1159 459 1203 omne
480 1138 615 1207 studium
636 1149 771 1228 ponatur
792 1161 893 1225 neque
920 1161 1035 1226 operae
1061 1140 1193 1226 pretium
1218 1148 1275 1219 est,

219 1223 293 1373 puis
314 1224 392 1288 nihil
414 1224 474 1289 nisi
495 1226 622 1290 nomina
644 1235 822 1291 eruerentur
833 1232 876 1306 ¹),
899 1246 999 1312 neque
1023 1226 1151 1290 omnino
1173 1233 1278 1309 potest

241 1310 295 1371 eri.
341 1310 422 1369 Nam
446 1332 539 1391 quum
561 1321 681 1375 veteres
703 1312 882 1395 scriptores,
905 1313 960 1396 qui
981 1311 1070 1392 asyla
1091 1312 1277 1375 commemo·
1319 1353 1320 1357 =

218 1402 299 1471 rant,
324 1412 432 1455 omnes
446 1394 648 1477 posteriores,
671 1393 752 1455 tituli
766 1414 852 1470 vero,
877 1397 989 1475 quibus
1012 1396 1101 1470 asyla
1123 1395 1277 1465 statuendi

219 1477 432 1566 copianobis
464 1475 565 1554 datur,
597 1476 688 1541 tertio
716 1498 735 1541 a
763 1476 834 1544 Chr.
863 1476 970 1540 seculo
998 1497 1063 1540 non
1091 1475 1276 1543 vestutiores

219 1563 327 1642 sint2),
350 1560 391 1626 de
412 1564 574 1649 perpaucis
596 1570 715 1627 tantum·
736 1562 844 1643 asylis,
867 1583 940 1626 num
962 1571 1047 1626 recte
1068 1562 1111 1627 ita
1125 1562 1275 1645 dicantur,

192 1715 194 1718 ,
220 1648 381 1716 diiudicari
402 1658 516 1734 potest.
559 1648 669 1713 Dicam
693 1646 779 1734 quod
801 1647 913 1716 sentio.

222 1770 226 1775 ·
305 1735 417 1800 Fiebat
448 1734 555 1813 facile,
592 1743 625 1799 ut
661 1733 792 1820 templa,
830 1754 911 1819 quae
945 1731 1063 1796 maiore
1095 1734 1277 1797 auctoritate

241 1821 419 1884 racstabant
440 1819 489 1885 vel
511 1819 714 1905 amplioribus
737 1818 851 1905 opibus
877 1839 968 1904 quam
997 1826 1098 1882 cetera
1125 1840 1218 1904 quum
1239 1839 1277 1883 ea

218 1842 420 1982 baberentur,
454 1904 494 1969 ad
522 1926 601 1989 quae
628 1905 797 1971 accedendi
819 1913 960 1992 potestas
982 1902 1047 1968 fere
1069 1903 1155 1969 nulla
1183 1912 1275 1983 esset,

219 1991 445 2056 sanctissimum
467 1990 616 2077 quodque
638 2001 670 2056 et
691 1991 925 2056 celeberrimum
947 1989 1050 2054 fanum
1072 1990 1187 2054 iccirco
1206 2010 1276 2069 asy-

218 2075 283 2141 lum
310 2076 462 2143 diceretur
489 2075 542 2145 vel
570 2076 661 2142 etiam
683 2077 817 2143 fortasse
844 2076 949 2155 fieret,
973 2098 1009 2141 ac
1036 2075 1064 2141 si
1090 2071 1209 2139 ἀσυλία
1235 2095 1276 2138 eo

219 2163 335 2229 certior
362 2173 459 2243 esset,
493 2184 557 2250 quo
585 2163 683 2230 maior
711 2162 819 2250 templi
846 2162 999 2249 splendor
1024 2160 1277 2228 exsistimaretur.

286 2447 317 2505 1)
352 2443 429 2495 Velut
445 2444 587 2496 secundum
604 2445 732 2498 Plutarch.
751 2460 777 2497 v.
794 2443 909 2508 Pompei.
933 2457 956 2491 c.
974 2442 1008 2492 24
1026 2440 1076 2490 acio
1093 2433 1217 2491 d’cicdtuv
1234 2443 1278 2491 nat

219 2508 321 2581 ἀβάτων
342 2516 464 2583 πρότερον
487 2513 561 2596 teptis
580 2517 704 2582 lidaopav
735 2509 846 2569 ἐπιόνιες
863 2508 893 2560 τὸ
916 2510 1049 2578 Κλάριον,
1073 2501 1106 2559 ud
1123 2507 1277 2573 Διδυμαῖον,

218 2578 248 2634 οδ
267 2583 470 2650 Σαμοθράκιον,
494 2601 540 2635 τοι
562 2586 587 2632 ἐν
602 2578 723 2663 Ἑρμιόνῃ
741 2576 786 2646 τὴς
810 2581 932 2635 Χθονίας
954 2574 1016 2628 rucis
1038 2572 1144 2627 καὶτὸν
1161 2569 1278 2627 ἔνἘπι-

147 2689 152 2693 -
219 2647 303 2718 daupu}
322 2649 370 2698 τοῦ
384 2643 536 2714 Ἀσκληπιοῦ
557 2651 599 2698 καὶ
622 2668 667 2699 τοι
683 2642 790 2717 Ἰοθμοῐ
808 2650 851 2698 καὶ
873 2641 989 2713 Ταινάρῳ
1009 2647 1051 2694 καὶ
1073 2645 1213 2720 Καλιέυρίᾳ
1230 2642 1279 2720 τοῦ

219 2716 384 2774 Ποσειδῶνος
400 2715 447 2767 τοῦ
464 2709 641 2774 δ”.ιίπόλλωιος
656 2712 701 2766 τὸν
719 2721 744 2766 ir
761 2709 847 2780 Ἀκτίῳ
866 2717 908 2764 καὶ
922 2711 1044 2772 Λευκάδι,
1061 2712 1106 2776 τῆς
1118 2712 1216 2779 δἨρας
1232 2727 1278 2759 τον

218 2790 244 2835 ἐν
261 2787 343 2851 Σάμῳ
360 2781 406 2833 τὸν
423 2789 448 2833 ἐν
463 2779 545 2852 Ἄργει
561 2780 607 2833 τὸν
624 2787 666 2834 snt
688 2778 812 2848 Ἁακιιιίῳ.
851 2778 977 2846 Polybius
993 2778 1110 2857 wal&
1136 2773 1278 2846 Ἀρτέμιδος

155 2854 163 2861 “
219 2847 311 2920 ἱερὸν,·
330 2846 346 2902 ὅ
362 2857 443 2934 κοῖται
458 2855 505 2931 μὲν
521 2845 614 2917 μεταξὺ
635 2852 777 2919 Κλείτορος
800 2852 843 2900 καὶ
863 2853 1018 2912 Kerateis,
1043 2849 1138 2897 aculco
1160 2849 1187 2896 dt
1204 2846 1277 2896 νενό-

217 2936 475 3049 bt'tdltlltt
487 2919 749 3052 blittrudis.
769 2918 882 3051 ilii,
896 2919 932 3037 ³⁵1
950 2911 1279 3049 ‚fiiibinviaiiilciiii

217 3053 346 3120 Apollinis
369 3054 444 3106 Delio
467 3071 499 3106 ea
516 3055 644 3124 religione
667 3061 693 3105 st
716 3070 748 3107 eo
771 3056 827 3107 iure
850 3068 901 3122 quo
924 3060 981 3105 sunt
1002 3050 1096 3116 templa
1117 3065 1184 3118 quae
1206 3049 1278 3114 asyla

218 3123 310 3176 Graeci
328 3123 486 3190 appellant.“
505 3131 553 3174 etc,

286 3225 316 3291 2)
351 3224 470 3275 Teiorum
489 3222 588 3290 asylum
606 3238 657 3274 non
676 3222 807 3289 antiquum
824 3234 881 3271 esse
899 3218 960 3270 vido
982 3233 1016 3270 ne
1039 3225 1134 3268 temere
1152 3230 1228 3287 ugus,
1255 3216 1277 3264 si
1310 3254 1328 3271 ,

219 3293 353 3344 esilentio
372 3293 503 3344 coniicere
521 3290 602 3354 velis,
629 3307 680 3359 quc
703 3292 730 3342 iu
746 3305 842 3341 eornm
866 3287 929 3338 diris
949 3294 1009 3352 post
1030 3286 1140 3354 aliquem
1162 3281 1279 3335 morbum

216 3362 379 3427 pestilentem
396 3360 506 3413 fortusse
523 3367 581 3425 post
598 3375 656 3409 eum
673 3360 716 3426 qui
734 3360 806 3409 initio
829 3356 892 3407 belli
914 3354 1128 3421 Peloponnesiaci
1151 3357 1279 3420 grassatus

220 3437 259 3480 ost
279 3429 323 3480 vel
345 3428 422 3493 paulo
445 3437 503 3495 post
526 3430 695 3495 antiquiorem
718 3428 760 3495 qui
783 3426 904 3477 Lemnum
929 3431 954 3473 et
977 3423 1028 3474 alia
1052 3424 1112 3474 loca
1142 3422 1278 3480 invaserat,

219 3498 330 3547 exuretis
347 3496 447 3562 asylum
464 3497 549 3547 lateat.
567 3514 592 3548 v.
611 3495 641 3548 G.
654 3497 674 3548 J.
686 3512 712 3550 n.
724 3495 793 3549 3044
811 3493 844 3545 ci.
862 3490 979 3543 Bceckb.
998 3507 1024 3542 v.
1042 3491 1076 3568 4ᾌ
1090 3503 1159 3570 sepq.
1182 3488 1278 3567 dictum

220 3571 271 3620 8⁵²3
301 3559 369 3621 ὅστις
386 3564 506 3633 φάρμακα
523 3565 660 3633 dulcissima
678 3567 752 3615 ποιοῖ
768 3565 810 3613 tat
833 3565 952 3627 Tortorem
968 3555 998 3609 τό
1016 3561 1128 3639 iuraras]
1152 3557 1279 3634 ἓπίδιωοῃ

219 3638 303 3684 κεῖνον
321 3633 485 3683 απόλλυοθιιι
501 3634 544 3682 καὶ
562 3626 640 3685 αὐτὸν
657 3635 699 3683 καὶ
721 3635 791 3697 γένος
811 3624 841 3680 τὰ
865 3632 960 3680 ἐκείνου
982 3654 1015 3666 -·
1040 3653 1072 3664 -
1095 3644 1164 3681 οστις
1184 3628 1209 3701 {2
1232 3639 1280 3700 yur:

218 3692 268 3767 τιίο
294 3702 376 3784 Τηῐιιν
399 3701 489 3752 κωλύοι
511 3707 583 3751 οἶτον
608 3697 747 3765 ἓςάγεοθαι
767 3691 786 3763 ἦ
806 3701 881 3766 τέχνῃ
904 3688 1002 3772 deusd
1024 3694 1174 3747 dciiictoouv
1190 3711 1210 3768 ap
1226 3709 1273 3753 uua

220 3763 328 3836 ἤπειρον
345 3788 362 3834 η
380 3771 519 3832 ἰςαχθέντα
536 3760 683 3833 duodecin,
711 3760 875 3819 ἀπόλλυσθαι
892 3765 935 3813 καὶ
952 3763 1030 3840 quadr
1047 3784 1070 3814 κ.
1087 3781 1110 3811 ο.
1126 3762 1147 3812 λ.
1183 3758 1280 3809 Titulus

220 3851 246 3887 n.
264 3837 343 3891 2557.
359 3835 392 3887 A.
411 3835 431 3888 B
459 3851 510 3903 quo
529 3834 666 3888 Allariotae
683 3834 773 3886 Parios
791 3832 861 3900 quod
878 3830 928 3883 sibi
951 3830 1059 3883 accitos
1074 3827 1221 3882 tribuissent
1241 3826 1279 3891 (v.

215 3903 251 3956 B.
270 3918 295 3954 v.
314 3906 338 3956 4.
361 3897 405 3963 οὓς
423 3897 586 3956 inuocatione
603 3906 801 3970 πρεσβεύοοντοις
814 3901 873 3972 περὶ
890 3891 990 3951 τῶούλοι
1006 3891 1137 3968 ποθίὶμέ)
1158 3909 1280 3949 remune-

222 3970 270 4024 rati
290 3978 362 4039 sunt,
380 3972 455 4024 nimis
473 3973 587 4023 incertae
605 3969 694 4027 astutis
713 3977 757 4022 est.
