<?xml version="1.0" encoding="UTF-8"?>
<!DOCTYPE html PUBLIC "-//W3C//DTD XHTML 1.0 Transitional//EN"
    "http://www.w3.org/TR/xhtml1/DTD/xhtml1-transitional.dtd">
<html xmlns="http://www.w3.org/1999/xhtml" xml:lang="en" lang="en">
 <head>
  <title>
</title>
<meta http-equiv="Content-Type" content="text/html;charset=utf-8" />
  <meta name='ocr-system' content='tesseract 3.04.00' />
  <meta name='ocr-capabilities' content='ocr_page ocr_carea ocr_par ocr_line ocrx_word'/>
</head>
<body>
  <div class='ocr_page' id='page_1' title='image "./deasylisgraecor00frgoog_0018.png"; bbox 0 0 2788 4422; ppageno 0'>
   <div class='ocr_carea' id='block_1_1' title="bbox 544 266 889 354">
    <p class='ocr_par' dir='ltr' id='par_1_1' title="bbox 544 266 889 354">
     <span class='ocr_line' id='line_1_1' title="bbox 544 266 889 354; baseline 0.006 -1"><span class='ocrx_word' id='word_1_1' title='bbox 544 291 755 354; x_wconf 72' lang='lat' dir='ltr'>-rr-</span> <span class='ocrx_word' id='word_1_2' title='bbox 851 266 889 304; x_wconf 82' lang='lat'>·&#39;</span> 
     </span>
    </p>
   </div>
   <div class='ocr_carea' id='block_1_2' title="bbox 122 457 1192 1487">
    <p class='ocr_par' dir='ltr' id='par_1_2' title="bbox 123 457 1178 546">
     <span class='ocr_line' id='line_1_2' title="bbox 123 457 1178 546; baseline 0.004 -19"><span class='ocrx_word' id='word_1_3' title='bbox 123 469 163 527; x_wconf 84' lang='lat' dir='ltr'>nt&#39;</span> <span class='ocrx_word' id='word_1_4' title='bbox 181 461 272 527; x_wconf 88' lang='lat' dir='ltr'>etiam</span> <span class='ocrx_word' id='word_1_5' title='bbox 293 482 312 526; x_wconf 92' lang='lat' dir='ltr'>e</span> <span class='ocrx_word' id='word_1_6' title='bbox 333 457 455 525; x_wconf 74' lang='lat' dir='ltr'>&#39;liberii</span> <span class='ocrx_word' id='word_1_7' title='bbox 476 458 603 525; x_wconf 73' lang='lat' dir='ltr'>demeto</span> <span class='ocrx_word' id='word_1_8' title='bbox 625 459 800 546; x_wconf 82' lang='lat' dir='ltr'>supplicum</span> <span class='ocrx_word' id='word_1_9' title='bbox 811 458 982 546; x_wconf 76' lang='lat' dir='ltr'>perfugium</span> <span class='ocrx_word' id='word_1_10' title='bbox 997 460 1178 533; x_wconf 80' lang='lat' dir='ltr'>inviolatum</span> 
     </span>
    </p>

    <p class='ocr_par' dir='ltr' id='par_1_3' title="bbox 122 544 1192 1487">
     <span class='ocr_line' id='line_1_3' title="bbox 124 544 1178 634; baseline 0.002 -20"><span class='ocrx_word' id='word_1_11' title='bbox 124 548 186 614; x_wconf 87' lang='lat' dir='ltr'>sint</span> <span class='ocrx_word' id='word_1_12' title='bbox 200 546 413 632; x_wconf 76' lang='lat' dir='ltr'>religioneque</span> <span class='ocrx_word' id='word_1_13' title='bbox 426 554 566 611; x_wconf 69' lang='lat' dir='ltr'>sarnetum</span> <span class='ocrx_word' id='word_1_14' title='bbox 579 546 697 632; x_wconf 83' lang='lat' dir='ltr'>quippe</span> <span class='ocrx_word' id='word_1_15' title='bbox 718 547 790 632; x_wconf 88' lang='lat' dir='ltr'>quia</span> <span class='ocrx_word' id='word_1_16' title='bbox 811 544 912 612; x_wconf 85' lang='lat' dir='ltr'>fassit</span> <span class='ocrx_word' id='word_1_17' title='bbox 933 568 952 610; x_wconf 90' lang='lat' dir='ltr'>s</span> <span class='ocrx_word' id='word_1_18' title='bbox 975 547 1040 612; x_wconf 86' lang='lat' dir='ltr'>suis</span> <span class='ocrx_word' id='word_1_19' title='bbox 1055 549 1178 634; x_wconf 88' lang='lat' dir='ltr'>templis</span> 
     </span>
     <span class='ocr_line' id='line_1_4' title="bbox 123 631 1178 720; baseline 0.001 -22"><span class='ocrx_word' id='word_1_20' title='bbox 123 634 278 699; x_wconf 87' lang='lat' dir='ltr'>neminem</span> <span class='ocrx_word' id='word_1_21' title='bbox 299 632 409 716; x_wconf 85' lang='lat' dir='ltr'>abripi,</span> <span class='ocrx_word' id='word_1_22' title='bbox 433 640 543 696; x_wconf 88' lang='lat' dir='ltr'>contra</span> <span class='ocrx_word' id='word_1_23' title='bbox 563 631 697 717; x_wconf 83' lang='lat' dir='ltr'>proxeni</span> <span class='ocrx_word' id='word_1_24' title='bbox 720 641 752 698; x_wconf 86' lang='lat' dir='ltr'>et</span> <span class='ocrx_word' id='word_1_25' title='bbox 773 633 908 718; x_wconf 86' lang='lat' dir='ltr'>operarii</span> <span class='ocrx_word' id='word_1_26' title='bbox 929 631 977 696; x_wconf 92' lang='lat' dir='ltr'>illi</span> <span class='ocrx_word' id='word_1_27' title='bbox 1000 632 1108 720; x_wconf 89' lang='lat' dir='ltr'>templi</span> <span class='ocrx_word' id='word_1_28' title='bbox 1118 634 1178 703; x_wconf 89' lang='lat' dir='ltr'>De·</span> 
     </span>
     <span class='ocr_line' id='line_1_5' title="bbox 122 714 1179 804; baseline 0.001 -20"><span class='ocrx_word' id='word_1_29' title='bbox 122 720 157 784; x_wconf 88' lang='lat' dir='ltr'>lii</span> <span class='ocrx_word' id='word_1_30' title='bbox 179 718 264 786; x_wconf 80' lang='lat' dir='ltr'>cirili</span> <span class='ocrx_word' id='word_1_31' title='bbox 283 716 462 783; x_wconf 79' lang='lat' dir='ltr'>fruebantur</span> <span class='ocrx_word' id='word_1_32' title='bbox 483 725 594 783; x_wconf 80' lang='lat' dir='ltr'>contre</span> <span class='ocrx_word' id='word_1_33' title='bbox 614 714 716 792; x_wconf 83' lang='grc' dir='ltr'><em>σύλας</em></span> <span class='ocrx_word' id='word_1_34' title='bbox 736 718 904 804; x_wconf 87' lang='lat' dir='ltr'>praesidio.</span> <span class='ocrx_word' id='word_1_35' title='bbox 950 719 1046 804; x_wconf 81' lang='lat' dir='ltr'><strong>Atqui</strong></span> <span class='ocrx_word' id='word_1_36' title='bbox 1068 740 1179 785; x_wconf 90' lang='lat' dir='ltr'>conce·</span> 
     </span>
     <span class='ocr_line' id='line_1_6' title="bbox 124 801 1180 890; baseline 0.002 -20"><span class='ocrx_word' id='word_1_37' title='bbox 124 804 259 870; x_wconf 89' lang='lat' dir='ltr'>dendum</span> <span class='ocrx_word' id='word_1_38' title='bbox 280 813 343 884; x_wconf 90' lang='lat' dir='ltr'>est,</span> <span class='ocrx_word' id='word_1_39' title='bbox 365 801 447 868; x_wconf 90' lang='lat' dir='ltr'>illud</span> <span class='ocrx_word' id='word_1_40' title='bbox 468 802 635 869; x_wconf 75' lang='lat' dir='ltr'><strong>discrimen</strong></span> <span class='ocrx_word' id='word_1_41' title='bbox 654 823 740 869; x_wconf 88' lang='lat' dir='ltr'>nuno</span> <span class='ocrx_word' id='word_1_42' title='bbox 760 826 779 868; x_wconf 88' lang='lat' dir='ltr'>a</span> <span class='ocrx_word' id='word_1_43' title='bbox 800 804 895 871; x_wconf 86' lang='lat' dir='ltr'>nobis</span> <span class='ocrx_word' id='word_1_44' title='bbox 916 803 983 871; x_wconf 82' lang='lat' dir='ltr'>lieri</span> <span class='ocrx_word' id='word_1_45' title='bbox 1008 807 1115 890; x_wconf 86' lang='lat' dir='ltr'>potius</span> <span class='ocrx_word' id='word_1_46' title='bbox 1142 828 1180 872; x_wconf 87' lang='lat' dir='ltr'>ea</span> 
     </span>
     <span class='ocr_line' id='line_1_7' title="bbox 123 888 1181 977; baseline 0.002 -20"><span class='ocrx_word' id='word_1_47' title='bbox 123 889 165 957; x_wconf 90' lang='lat' dir='ltr'>de</span> <span class='ocrx_word' id='word_1_48' title='bbox 191 912 292 971; x_wconf 84' lang='lat' dir='ltr'>causa,</span> <span class='ocrx_word' id='word_1_49' title='bbox 315 899 349 955; x_wconf 86' lang='lat' dir='ltr'>ut</span> <span class='ocrx_word' id='word_1_50' title='bbox 369 889 547 956; x_wconf 84' lang='lat' dir='ltr'>varietatem</span> <span class='ocrx_word' id='word_1_51' title='bbox 569 890 731 976; x_wconf 81' lang='lat' dir='ltr'>genuinam</span> <span class='ocrx_word' id='word_1_52' title='bbox 747 911 827 977; x_wconf 84' lang='lat' dir='ltr'>quae</span> <span class='ocrx_word' id='word_1_53' title='bbox 847 888 939 956; x_wconf 84' lang='lat' dir='ltr'>suerit</span> <span class='ocrx_word' id='word_1_54' title='bbox 959 899 991 955; x_wconf 88' lang='lat' dir='ltr'>et</span> <span class='ocrx_word' id='word_1_55' title='bbox 1011 892 1095 958; x_wconf 87' lang='lat' dir='ltr'>unde</span> <span class='ocrx_word' id='word_1_56' title='bbox 1108 901 1181 959; x_wconf 82' lang='lat' dir='ltr'>nate</span> 
     </span>
     <span class='ocr_line' id='line_1_8' title="bbox 123 976 1179 1063; baseline 0.002 -20"><span class='ocrx_word' id='word_1_57' title='bbox 123 979 176 1056; x_wconf 84' lang='lat' dir='ltr'>sit,</span> <span class='ocrx_word' id='word_1_58' title='bbox 204 997 446 1063; x_wconf 75' lang='lat' dir='ltr'><strong>cognoscamus,</strong></span> <span class='ocrx_word' id='word_1_59' title='bbox 478 998 570 1062; x_wconf 88' lang='lat' dir='ltr'>quam</span> <span class='ocrx_word' id='word_1_60' title='bbox 599 978 723 1048; x_wconf 82' lang='lat' dir='ltr'>servari</span> <span class='ocrx_word' id='word_1_61' title='bbox 768 976 850 1043; x_wconf 87' lang='lat' dir='ltr'>Nam</span> <span class='ocrx_word' id='word_1_62' title='bbox 878 999 897 1042; x_wconf 93' lang='lat' dir='ltr'>a</span> <span class='ocrx_word' id='word_1_63' title='bbox 924 977 1054 1043; x_wconf 85' lang='lat' dir='ltr'>Graecis</span> <span class='ocrx_word' id='word_1_64' title='bbox 1082 977 1179 1045; x_wconf 85' lang='lat' dir='ltr'>modu</span> 
     </span>
     <span class='ocr_line' id='line_1_9' title="bbox 123 1059 1192 1148; baseline 0.003 -20"><span class='ocrx_word' id='word_1_65' title='bbox 123 1064 252 1128; x_wconf 89' lang='lat' dir='ltr'>omuino</span> <span class='ocrx_word' id='word_1_66' title='bbox 276 1073 405 1148; x_wconf 86' lang='lat' dir='ltr'>utraque</span> <span class='ocrx_word' id='word_1_67' title='bbox 425 1059 545 1127; x_wconf 79' lang='grc' dir='ltr'><em>ἀσυλία</em></span> <span class='ocrx_word' id='word_1_68' title='bbox 565 1061 598 1124; x_wconf 92' lang='lat' dir='ltr'>in</span> <span class='ocrx_word' id='word_1_69' title='bbox 621 1083 712 1128; x_wconf 88' lang='lat' dir='ltr'>unam</span> <span class='ocrx_word' id='word_1_70' title='bbox 734 1062 864 1129; x_wconf 84' lang='lat' dir='ltr'>confuse</span> <span class='ocrx_word' id='word_1_71' title='bbox 885 1072 933 1130; x_wconf 87' lang='lat' dir='ltr'>est</span> <span class='ocrx_word' id='word_1_72' title='bbox 957 1064 1056 1130; x_wconf 90' lang='lat' dir='ltr'>modo</span> <span class='ocrx_word' id='word_1_73' title='bbox 1079 1065 1192 1131; x_wconf 83' lang='lat' dir='ltr'>miuus</span> 
     </span>
     <span class='ocr_line' id='line_1_10' title="bbox 122 1144 1179 1235; baseline 0 -21"><span class='ocrx_word' id='word_1_74' title='bbox 122 1158 266 1214; x_wconf 86' lang='lat' dir='ltr'>accurate</span> <span class='ocrx_word' id='word_1_75' title='bbox 287 1147 443 1226; x_wconf 86' lang='lat' dir='ltr'>distincte,</span> <span class='ocrx_word' id='word_1_76' title='bbox 465 1155 499 1211; x_wconf 88' lang='lat' dir='ltr'>ut</span> <span class='ocrx_word' id='word_1_77' title='bbox 518 1154 552 1211; x_wconf 87' lang='lat' dir='ltr'>et</span> <span class='ocrx_word' id='word_1_78' title='bbox 563 1156 690 1213; x_wconf 79' lang='lat' dir='ltr'>sanotae</span> <span class='ocrx_word' id='word_1_79' title='bbox 707 1144 846 1223; x_wconf 80' lang='grc' dir='ltr'><em>ἀσυλίας</em></span> <span class='ocrx_word' id='word_1_80' title='bbox 867 1149 971 1233; x_wconf 87' lang='lat' dir='ltr'>specie</span> <span class='ocrx_word' id='word_1_81' title='bbox 986 1148 1119 1235; x_wconf 81' lang='lat' dir='ltr'>quadam</span> <span class='ocrx_word' id='word_1_82' title='bbox 1140 1151 1179 1226; x_wconf 92' lang='lat' dir='ltr'>is,</span> 
     </span>
     <span class='ocr_line' id='line_1_11' title="bbox 124 1231 1180 1320; baseline 0.001 -23"><span class='ocrx_word' id='word_1_83' title='bbox 124 1233 178 1319; x_wconf 85' lang='lat' dir='ltr'>qui</span> <span class='ocrx_word' id='word_1_84' title='bbox 198 1231 327 1318; x_wconf 92' lang='lat' dir='ltr'>publico</span> <span class='ocrx_word' id='word_1_85' title='bbox 350 1240 460 1296; x_wconf 89' lang='lat' dir='ltr'>contra</span> <span class='ocrx_word' id='word_1_86' title='bbox 481 1231 566 1297; x_wconf 80' lang='grc' dir='ltr'><em>σῦλα</em></span> <span class='ocrx_word' id='word_1_87' title='bbox 608 1231 743 1299; x_wconf 85' lang='lat' dir='ltr'>raesidio</span> <span class='ocrx_word' id='word_1_88' title='bbox 766 1231 950 1300; x_wconf 76' lang='lat' dir='ltr'>honestatus</span> <span class='ocrx_word' id='word_1_89' title='bbox 972 1243 1070 1315; x_wconf 89' lang='lat' dir='ltr'>esset,</span> <span class='ocrx_word' id='word_1_90' title='bbox 1092 1235 1180 1320; x_wconf 87' lang='lat' dir='ltr'>quasi</span> 
     </span>
     <span class='ocr_line' id='line_1_12' title="bbox 122 1317 1179 1406; baseline 0.001 -22"><span class='ocrx_word' id='word_1_91' title='bbox 122 1317 327 1399; x_wconf 78' lang='lat' dir='ltr'>imbueretur,</span> <span class='ocrx_word' id='word_1_92' title='bbox 364 1317 565 1405; x_wconf 85' lang='lat' dir='ltr'>quamobrem</span> <span class='ocrx_word' id='word_1_93' title='bbox 632 1320 732 1385; x_wconf 87' lang='lat' dir='ltr'>eierus</span> <span class='ocrx_word' id='word_1_94' title='bbox 758 1339 933 1403; x_wconf 84' lang='lat' dir='ltr'>proxcnum</span> <span class='ocrx_word' id='word_1_95' title='bbox 970 1319 1179 1406; x_wconf 88' lang='lat' dir='ltr'>„quodam-</span> 
     </span>
     <span class='ocr_line' id='line_1_13' title="bbox 122 1401 1180 1487; baseline 0.004 -20"><span class='ocrx_word' id='word_1_96' title='bbox 122 1403 236 1468; x_wconf 90' lang='lat' dir='ltr'>modo</span> <span class='ocrx_word' id='word_1_97' title='bbox 259 1406 517 1468; x_wconf 80' lang='lat' dir='ltr'>sacrosanctum“</span> <span class='ocrx_word' id='word_1_98' title='bbox 538 1403 678 1467; x_wconf 87' lang='lat' dir='ltr'>habitum</span> <span class='ocrx_word' id='word_1_99' title='bbox 693 1422 763 1469; x_wconf 85' lang='lat' dir='ltr'>esse</span> <span class='ocrx_word' id='word_1_100' title='bbox 776 1410 861 1468; x_wconf 88' lang='lat' dir='ltr'>recte</span> <span class='ocrx_word' id='word_1_101' title='bbox 875 1401 997 1482; x_wconf 63' lang='lat' dir='ltr'>dicitu,</span> <span class='ocrx_word' id='word_1_102' title='bbox 1021 1413 1053 1470; x_wconf 89' lang='lat' dir='ltr'>et</span> <span class='ocrx_word' id='word_1_103' title='bbox 1065 1404 1180 1487; x_wconf 84' lang='lat' dir='ltr'>fanum,</span> 
     </span>
    </p>
   </div>
   <div class='ocr_carea' id='block_1_3' title="bbox 123 1485 1290 1588">
    <p class='ocr_par' dir='ltr' id='par_1_4' title="bbox 123 1485 1290 1588">
     <span class='ocr_line' id='line_1_14' title="bbox 123 1485 1290 1588; baseline 0 -34"><span class='ocrx_word' id='word_1_104' title='bbox 123 1487 212 1588; x_wconf 85' lang='lat' dir='ltr'>quod</span> <span class='ocrx_word' id='word_1_105' title='bbox 233 1487 315 1569; x_wconf 81' lang='lat' dir='ltr'>asyli</span> <span class='ocrx_word' id='word_1_106' title='bbox 335 1488 403 1553; x_wconf 88' lang='lat' dir='ltr'>iure</span> <span class='ocrx_word' id='word_1_107' title='bbox 425 1485 613 1554; x_wconf 71' lang='lat' dir='ltr'>celebratius</span> <span class='ocrx_word' id='word_1_108' title='bbox 635 1498 719 1553; x_wconf 86' lang='lat' dir='ltr'>esset</span> <span class='ocrx_word' id='word_1_109' title='bbox 738 1508 807 1553; x_wconf 89' lang='lat' dir='ltr'>cum</span> <span class='ocrx_word' id='word_1_110' title='bbox 830 1497 940 1553; x_wconf 87' lang='lat' dir='ltr'>contra</span> <span class='ocrx_word' id='word_1_111' title='bbox 962 1511 1085 1555; x_wconf 89' lang='lat' dir='ltr'>omnem</span> <span class='ocrx_word' id='word_1_112' title='bbox 1107 1511 1180 1577; x_wconf 78' lang='lat' dir='ltr'>spo·</span> <span class='ocrx_word' id='word_1_113' title='bbox 1287 1497 1290 1501; x_wconf 83' lang='grc'><strong>’</strong></span> 
     </span>
    </p>
   </div>
   <div class='ocr_carea' id='block_1_4' title="bbox 122 1573 1180 2087">
    <p class='ocr_par' dir='ltr' id='par_1_5' title="bbox 122 1573 1180 2087">
     <span class='ocr_line' id='line_1_15' title="bbox 122 1573 1180 1644; baseline 0.002 -3"><span class='ocrx_word' id='word_1_114' title='bbox 122 1575 283 1641; x_wconf 74' lang='lat' dir='ltr'>helionem</span> <span class='ocrx_word' id='word_1_115' title='bbox 305 1582 369 1638; x_wconf 88' lang='lat' dir='ltr'>tum</span> <span class='ocrx_word' id='word_1_116' title='bbox 385 1581 496 1637; x_wconf 87' lang='lat' dir='ltr'>contra</span> <span class='ocrx_word' id='word_1_117' title='bbox 517 1573 601 1637; x_wconf 81' lang='grc' dir='ltr'><em>σῦλα</em></span> <span class='ocrx_word' id='word_1_118' title='bbox 623 1573 808 1639; x_wconf 82' lang='lat' dir='ltr'>tutissimum</span> <span class='ocrx_word' id='word_1_119' title='bbox 822 1573 997 1643; x_wconf 72' lang='lat' dir='ltr'>haberetur.</span> <span class='ocrx_word' id='word_1_120' title='bbox 1041 1577 1090 1641; x_wconf 87' lang='lat' dir='ltr'>Ita</span> <span class='ocrx_word' id='word_1_121' title='bbox 1103 1577 1180 1644; x_wconf 89' lang='lat' dir='ltr'>Dio·</span> 
     </span>
     <span class='ocr_line' id='line_1_16' title="bbox 123 1657 1180 1745; baseline -0.003 -21"><span class='ocrx_word' id='word_1_122' title='bbox 123 1663 273 1741; x_wconf 90' lang='lat' dir='ltr'>nysiacos</span> <span class='ocrx_word' id='word_1_123' title='bbox 294 1659 426 1725; x_wconf 87' lang='lat' dir='ltr'>artifices</span> <span class='ocrx_word' id='word_1_124' title='bbox 448 1668 482 1724; x_wconf 88' lang='lat' dir='ltr'>ut</span> <span class='ocrx_word' id='word_1_125' title='bbox 504 1657 628 1724; x_wconf 84' lang='lat' dir='ltr'>decreta</span> <span class='ocrx_word' id='word_1_126' title='bbox 647 1658 774 1745; x_wconf 87' lang='lat' dir='ltr'>publica</span> <span class='ocrx_word' id='word_1_127' title='bbox 795 1660 951 1739; x_wconf 77' lang='lat' dir='ltr'>vetabant,</span> <span class='ocrx_word' id='word_1_128' title='bbox 975 1661 1094 1726; x_wconf 85' lang='lat' dir='ltr'>etiamsi</span> <span class='ocrx_word' id='word_1_129' title='bbox 1115 1661 1180 1727; x_wconf 72' lang='lat' dir='ltr'>bel,</span> 
     </span>
     <span class='ocr_line' id='line_1_17' title="bbox 123 1745 1179 1833; baseline 0.001 -23"><span class='ocrx_word' id='word_1_130' title='bbox 123 1746 187 1811; x_wconf 88' lang='lat' dir='ltr'>lum</span> <span class='ocrx_word' id='word_1_131' title='bbox 208 1746 291 1811; x_wconf 84' lang='lat' dir='ltr'>inter</span> <span class='ocrx_word' id='word_1_132' title='bbox 311 1745 450 1810; x_wconf 78' lang='lat' dir='ltr'>civitatee</span> <span class='ocrx_word' id='word_1_133' title='bbox 473 1753 616 1810; x_wconf 80' lang='lat' dir='ltr'>exortum</span> <span class='ocrx_word' id='word_1_134' title='bbox 643 1755 739 1825; x_wconf 86' lang='lat' dir='ltr'>esset,</span> <span class='ocrx_word' id='word_1_135' title='bbox 771 1745 897 1831; x_wconf 82' lang='lat' dir='ltr'>publica</span> <span class='ocrx_word' id='word_1_136' title='bbox 924 1745 1097 1833; x_wconf 84' lang='lat' dir='ltr'>praedendi</span> <span class='ocrx_word' id='word_1_137' title='bbox 1122 1769 1179 1833; x_wconf 92' lang='lat' dir='ltr'>po·</span> 
     </span>
     <span class='ocr_line' id='line_1_18' title="bbox 122 1831 1180 1982; baseline 0.005 -84"><span class='ocrx_word' id='word_1_138' title='bbox 122 1841 234 1898; x_wconf 82' lang='lat' dir='ltr'>testate</span> <span class='ocrx_word' id='word_1_139' title='bbox 259 1834 382 1909; x_wconf 79' lang='lat' dir='ltr'>vexari,</span> <span class='ocrx_word' id='word_1_140' title='bbox 405 1833 449 1895; x_wconf 87' lang='lat' dir='ltr'>ita</span> <span class='ocrx_word' id='word_1_141' title='bbox 469 1831 531 1916; x_wconf 89' lang='lat' dir='ltr'>ipsi</span> <span class='ocrx_word' id='word_1_142' title='bbox 557 1841 687 1982; x_wconf 72' lang='lat' dir='ltr'>prppter</span> <span class='ocrx_word' id='word_1_143' title='bbox 714 1831 829 1897; x_wconf 87' lang='lat' dir='ltr'>cultum</span> <span class='ocrx_word' id='word_1_144' title='bbox 850 1832 1015 1913; x_wconf 85' lang='lat' dir='ltr'>Dionysii,</span> <span class='ocrx_word' id='word_1_145' title='bbox 1038 1833 1072 1897; x_wconf 89' lang='lat' dir='ltr'>in</span> <span class='ocrx_word' id='word_1_146' title='bbox 1093 1835 1180 1903; x_wconf 80' lang='lat' dir='ltr'>cuius</span> 
     </span>
     <span class='ocr_line' id='line_1_19' title="bbox 122 1917 1180 2006; baseline 0.003 -24"><span class='ocrx_word' id='word_1_147' title='bbox 122 1918 278 1982; x_wconf 79' lang='lat' dir='ltr'>honorem</span> <span class='ocrx_word' id='word_1_148' title='bbox 299 1918 330 1981; x_wconf 91' lang='lat' dir='ltr'>in</span> <span class='ocrx_word' id='word_1_149' title='bbox 352 1917 447 1981; x_wconf 88' lang='lat' dir='ltr'>Jonia</span> <span class='ocrx_word' id='word_1_150' title='bbox 467 1936 605 2004; x_wconf 87' lang='lat' dir='ltr'>nsquca</span> <span class='ocrx_word' id='word_1_151' title='bbox 651 1917 893 2006; x_wconf 73' lang='lat' dir='ltr'>Hellespontum</span> <span class='ocrx_word' id='word_1_152' title='bbox 919 1919 1078 1985; x_wconf 84' lang='lat' dir='ltr'>solemnes</span> <span class='ocrx_word' id='word_1_153' title='bbox 1105 1941 1180 1985; x_wconf 85' lang='lat' dir='ltr'>eon·</span> 
     </span>
     <span class='ocr_line' id='line_1_20' title="bbox 122 2003 1179 2087; baseline 0.003 -18"><span class='ocrx_word' id='word_1_154' title='bbox 122 2012 233 2069; x_wconf 83' lang='lat' dir='ltr'>ventus</span> <span class='ocrx_word' id='word_1_155' title='bbox 257 2013 289 2068; x_wconf 88' lang='lat' dir='ltr'>et</span> <span class='ocrx_word' id='word_1_156' title='bbox 308 2024 410 2068; x_wconf 88' lang='lat' dir='ltr'>annua</span> <span class='ocrx_word' id='word_1_157' title='bbox 431 2003 598 2068; x_wconf 84' lang='lat' dir='ltr'>certamina</span> <span class='ocrx_word' id='word_1_158' title='bbox 619 2004 824 2087; x_wconf 73' lang='lat' dir='ltr'>agitabantur,</span> <span class='ocrx_word' id='word_1_159' title='bbox 847 2014 935 2071; x_wconf 88' lang='lat' dir='ltr'>erant</span> <span class='ocrx_word' id='word_1_160' title='bbox 955 2005 1109 2085; x_wconf 84' lang='lat' dir='ltr'>inviolati,</span> <span class='ocrx_word' id='word_1_161' title='bbox 1131 2028 1179 2072; x_wconf 76' lang='lat' dir='ltr'>ca·</span> 
     </span>
    </p>
   </div>
   <div class='ocr_carea' id='block_1_5' title="bbox 4 2088 1181 2159">
    <p class='ocr_par' dir='ltr' id='par_1_6' title="bbox 4 2088 1181 2159">
     <span class='ocr_line' id='line_1_21' title="bbox 4 2088 1181 2159; baseline 0.004 -6"><span class='ocrx_word' id='word_1_162' title='bbox 4 2102 6 2109; x_wconf 81' lang='grc'><strong>“</strong></span> <span class='ocrx_word' id='word_1_163' title='bbox 113 2088 309 2154; x_wconf 71' lang='lat' dir='ltr'>‚duceatores</span> <span class='ocrx_word' id='word_1_164' title='bbox 331 2099 432 2153; x_wconf 84' lang='lat' dir='ltr'>sutem</span> <span class='ocrx_word' id='word_1_165' title='bbox 455 2098 487 2153; x_wconf 87' lang='lat' dir='ltr'>et</span> <span class='ocrx_word' id='word_1_166' title='bbox 513 2088 710 2154; x_wconf 87' lang='lat' dir='ltr'>stbletbaee</span> <span class='ocrx_word' id='word_1_167' title='bbox 739 2091 928 2156; x_wconf 87' lang='lat' dir='ltr'>Graecorem</span> <span class='ocrx_word' id='word_1_168' title='bbox 954 2091 1181 2159; x_wconf 73' lang='lat' dir='ltr'>consuetudine</span> 
     </span>
    </p>
   </div>
   <div class='ocr_carea' id='block_1_6' title="bbox 121 2172 1184 3031">
    <p class='ocr_par' dir='ltr' id='par_1_7' title="bbox 121 2172 1180 2326">
     <span class='ocr_line' id='line_1_22' title="bbox 121 2172 1180 2321; baseline 0.002 -81"><span class='ocrx_word' id='word_1_169' title='bbox 121 2174 253 2241; x_wconf 78' lang='lat' dir='ltr'>foedere</span> <span class='ocrx_word' id='word_1_170' title='bbox 267 2174 408 2321; x_wconf 51' lang='lat' dir='ltr'>Hebrum</span> <span class='ocrx_word' id='word_1_171' title='bbox 429 2172 516 2240; x_wconf 82' lang='lat' dir='ltr'>iussu</span> <span class='ocrx_word' id='word_1_172' title='bbox 536 2174 694 2259; x_wconf 78' lang='lat' dir='ltr'>iungendi,</span> <span class='ocrx_word' id='word_1_173' title='bbox 717 2175 811 2241; x_wconf 87' lang='lat' dir='ltr'>ludos</span> <span class='ocrx_word' id='word_1_174' title='bbox 833 2176 868 2241; x_wconf 86' lang='lat' dir='ltr'>iu</span> <span class='ocrx_word' id='word_1_175' title='bbox 889 2176 1020 2242; x_wconf 90' lang='lat' dir='ltr'>deorum</span> <span class='ocrx_word' id='word_1_176' title='bbox 1034 2179 1180 2242; x_wconf 55' lang='lat' dir='ltr'>¹honores</span> 
     </span>
     <span class='ocr_line' id='line_1_23' title="bbox 123 2260 313 2326; baseline 0.021 -3"><span class='ocrx_word' id='word_1_177' title='bbox 123 2261 269 2324; x_wconf 86' lang='lat' dir='ltr'>celebran</span> <span class='ocrx_word' id='word_1_178' title='bbox 293 2260 313 2326; x_wconf 87' lang='lat' dir='ltr'>i.</span> 
     </span>
    </p>

    <p class='ocr_par' dir='ltr' id='par_1_8' title="bbox 122 2339 1184 3031">
     <span class='ocr_line' id='line_1_24' title="bbox 210 2339 1181 2430; baseline 0.007 -26"><span class='ocrx_word' id='word_1_179' title='bbox 210 2341 332 2419; x_wconf 90' lang='lat' dir='ltr'>Quibus</span> <span class='ocrx_word' id='word_1_180' title='bbox 354 2339 453 2420; x_wconf 51' lang='lat' dir='ltr'>rebus„</span> <span class='ocrx_word' id='word_1_181' title='bbox 470 2341 641 2425; x_wconf 85' lang='lat' dir='ltr'>perspectis</span> <span class='ocrx_word' id='word_1_182' title='bbox 664 2361 730 2405; x_wconf 89' lang='lat' dir='ltr'>non</span> <span class='ocrx_word' id='word_1_183' title='bbox 756 2341 884 2406; x_wconf 90' lang='lat' dir='ltr'>dubium</span> <span class='ocrx_word' id='word_1_184' title='bbox 910 2351 973 2420; x_wconf 87' lang='lat' dir='ltr'>est,</span> <span class='ocrx_word' id='word_1_185' title='bbox 1009 2344 1084 2430; x_wconf 91' lang='lat' dir='ltr'>quin</span> <span class='ocrx_word' id='word_1_186' title='bbox 1107 2345 1181 2411; x_wconf 86' lang='lat' dir='ltr'>Cre·</span> 
     </span>
     <span class='ocr_line' id='line_1_25' title="bbox 122 2424 1181 2515; baseline 0.003 -21"><span class='ocrx_word' id='word_1_187' title='bbox 122 2426 258 2494; x_wconf 88' lang='lat' dir='ltr'>tensium</span> <span class='ocrx_word' id='word_1_188' title='bbox 291 2424 414 2492; x_wconf 90' lang='lat' dir='ltr'>urbium</span> <span class='ocrx_word' id='word_1_189' title='bbox 444 2424 578 2490; x_wconf 89' lang='lat' dir='ltr'>decretis</span> <span class='ocrx_word' id='word_1_190' title='bbox 614 2425 701 2491; x_wconf 87' lang='lat' dir='ltr'>Teiis</span> <span class='ocrx_word' id='word_1_191' title='bbox 727 2436 888 2514; x_wconf 86' lang='lat' dir='ltr'>utrumque</span> <span class='ocrx_word' id='word_1_192' title='bbox 918 2424 1057 2506; x_wconf 80' lang='grc' dir='ltr'><em>ἀσυλίας</em></span> <span class='ocrx_word' id='word_1_193' title='bbox 1081 2451 1181 2515; x_wconf 81' lang='lat' dir='ltr'>genus</span> 
     </span>
     <span class='ocr_line' id='line_1_26' title="bbox 124 2510 1182 2601; baseline 0.006 -24"><span class='ocrx_word' id='word_1_194' title='bbox 124 2515 168 2577; x_wconf 86' lang='lat' dir='ltr'>ita</span> <span class='ocrx_word' id='word_1_195' title='bbox 194 2512 395 2577; x_wconf 90' lang='lat' dir='ltr'>constitutum</span> <span class='ocrx_word' id='word_1_196' title='bbox 427 2510 482 2590; x_wconf 87' lang='lat' dir='ltr'>sit,</span> <span class='ocrx_word' id='word_1_197' title='bbox 516 2520 550 2576; x_wconf 91' lang='lat' dir='ltr'>ut</span> <span class='ocrx_word' id='word_1_198' title='bbox 575 2511 662 2576; x_wconf 87' lang='lat' dir='ltr'>Teos</span> <span class='ocrx_word' id='word_1_199' title='bbox 688 2513 804 2597; x_wconf 90' lang='lat' dir='ltr'>pariter</span> <span class='ocrx_word' id='word_1_200' title='bbox 830 2523 922 2601; x_wconf 87' lang='lat' dir='ltr'>atque</span> <span class='ocrx_word' id='word_1_201' title='bbox 948 2514 1043 2579; x_wconf 86' lang='lat' dir='ltr'>urbes</span> <span class='ocrx_word' id='word_1_202' title='bbox 1076 2537 1182 2585; x_wconf 88' lang='lat' dir='ltr'>coram</span> 
     </span>
     <span class='ocr_line' id='line_1_27' title="bbox 124 2596 1182 2683; baseline 0.005 -21"><span class='ocrx_word' id='word_1_203' title='bbox 124 2599 267 2665; x_wconf 86' lang='lat' dir='ltr'>Patribus</span> <span class='ocrx_word' id='word_1_204' title='bbox 290 2606 416 2683; x_wconf 82' lang='lat' dir='ltr'>egentes</span> <span class='ocrx_word' id='word_1_205' title='bbox 442 2605 573 2683; x_wconf 90' lang='lat' dir='ltr'>propter</span> <span class='ocrx_word' id='word_1_206' title='bbox 593 2596 742 2679; x_wconf 84' lang='lat' dir='ltr'>Dionysii</span> <span class='ocrx_word' id='word_1_207' title='bbox 762 2598 867 2665; x_wconf 85' lang='lat' dir='ltr'>fanum</span> <span class='ocrx_word' id='word_1_208' title='bbox 884 2597 1093 2667; x_wconf 87' lang='lat' dir='ltr'>declararetur</span> <span class='ocrx_word' id='word_1_209' title='bbox 1111 2623 1182 2683; x_wconf 86' lang='lat' dir='ltr'>asy-</span> 
     </span>
     <span class='ocr_line' id='line_1_28' title="bbox 124 2682 1181 2771; baseline 0.005 -23"><span class='ocrx_word' id='word_1_210' title='bbox 124 2683 204 2765; x_wconf 92' lang='lat' dir='ltr'>lum,</span> <span class='ocrx_word' id='word_1_211' title='bbox 227 2683 314 2771; x_wconf 91' lang='lat' dir='ltr'>qnod</span> <span class='ocrx_word' id='word_1_212' title='bbox 336 2705 402 2749; x_wconf 91' lang='lat' dir='ltr'>non</span> <span class='ocrx_word' id='word_1_213' title='bbox 428 2683 525 2748; x_wconf 87' lang='lat' dir='ltr'>modo</span> <span class='ocrx_word' id='word_1_214' title='bbox 549 2682 707 2771; x_wconf 88' lang='lat' dir='ltr'>supplices</span> <span class='ocrx_word' id='word_1_215' title='bbox 733 2693 870 2751; x_wconf 88' lang='lat' dir='ltr'>tueretur</span> <span class='ocrx_word' id='word_1_216' title='bbox 897 2684 954 2751; x_wconf 87' lang='lat' dir='ltr'>sed</span> <span class='ocrx_word' id='word_1_217' title='bbox 981 2687 1072 2752; x_wconf 89' lang='lat' dir='ltr'>etiam</span> <span class='ocrx_word' id='word_1_218' title='bbox 1094 2685 1181 2753; x_wconf 91' lang='lat' dir='ltr'>bello</span> 
     </span>
     <span class='ocr_line' id='line_1_29' title="bbox 124 2769 1183 2872; baseline 0.005 -38"><span class='ocrx_word' id='word_1_219' title='bbox 124 2792 263 2856; x_wconf 85' lang='lat' dir='ltr'>paceque</span> <span class='ocrx_word' id='word_1_220' title='bbox 291 2780 389 2836; x_wconf 90' lang='lat' dir='ltr'>tutum</span> <span class='ocrx_word' id='word_1_221' title='bbox 416 2779 516 2851; x_wconf 87' lang='lat' dir='ltr'>esset,</span> <span class='ocrx_word' id='word_1_222' title='bbox 544 2789 584 2834; x_wconf 89' lang='lat' dir='ltr'>ne</span> <span class='ocrx_word' id='word_1_223' title='bbox 610 2769 680 2857; x_wconf 90' lang='lat' dir='ltr'>quis</span> <span class='ocrx_word' id='word_1_224' title='bbox 699 2777 836 2872; x_wconf 75' lang='lat' dir='ltr'>&#39;unquam</span> <span class='ocrx_word' id='word_1_225' title='bbox 859 2779 968 2837; x_wconf 88' lang='lat' dir='ltr'>contra</span> <span class='ocrx_word' id='word_1_226' title='bbox 988 2771 1183 2840; x_wconf 80' lang='lat' dir='ltr'>incolas-aut</span> 
     </span>
     <span class='ocr_line' id='line_1_30' title="bbox 122 2855 1184 2945; baseline 0.007 -25"><span class='ocrx_word' id='word_1_227' title='bbox 122 2855 252 2943; x_wconf 87' lang='lat' dir='ltr'>publica</span> <span class='ocrx_word' id='word_1_228' title='bbox 272 2867 325 2921; x_wconf 82' lang='lat' dir='ltr'>aut</span> <span class='ocrx_word' id='word_1_229' title='bbox 346 2855 465 2942; x_wconf 80' lang='lat' dir='ltr'>privata</span> <span class='ocrx_word' id='word_1_230' title='bbox 484 2855 690 2942; x_wconf 86' lang='lat' dir='ltr'>praedatione</span> <span class='ocrx_word' id='word_1_231' title='bbox 706 2880 871 2945; x_wconf 86' lang='lat' dir='ltr'>qurcquam</span> <span class='ocrx_word' id='word_1_232' title='bbox 891 2857 1065 2943; x_wconf 80' lang='lat' dir='ltr'>moliretur3</span> <span class='ocrx_word' id='word_1_233' title='bbox 1088 2861 1184 2927; x_wconf 87' lang='lat' dir='ltr'>verba</span> 
     </span>
     <span class='ocr_line' id='line_1_31' title="bbox 125 2941 1182 3031; baseline 0.003 -24"><span class='ocrx_word' id='word_1_234' title='bbox 125 2951 226 3007; x_wconf 89' lang='lat' dir='ltr'>autem</span> <span class='ocrx_word' id='word_1_235' title='bbox 249 2942 360 3029; x_wconf 88' lang='lat' dir='ltr'>quibus</span> <span class='ocrx_word' id='word_1_236' title='bbox 382 2941 416 3006; x_wconf 95' lang='lat' dir='ltr'>id</span> <span class='ocrx_word' id='word_1_237' title='bbox 436 2943 634 3029; x_wconf 88' lang='lat' dir='ltr'>potissimum</span> <span class='ocrx_word' id='word_1_238' title='bbox 650 2942 910 3031; x_wconf 54' lang='lat' dir='ltr'>xcircumscribere</span> <span class='ocrx_word' id='word_1_239' title='bbox 931 2945 1062 3030; x_wconf 88' lang='lat' dir='ltr'>placuit,</span> <span class='ocrx_word' id='word_1_240' title='bbox 1084 2943 1182 3010; x_wconf 92' lang='lat' dir='ltr'>modo</span> 
     </span>
    </p>
   </div>
   <div class='ocr_carea' id='block_1_7' title="bbox 127 3026 1183 3119">
    <p class='ocr_par' dir='ltr' id='par_1_9' title="bbox 127 3026 1183 3119">
     <span class='ocr_line' id='line_1_32' title="bbox 127 3026 1183 3119; baseline 0.007 -29"><span class='ocrx_word' id='word_1_241' title='bbox 127 3026 272 3111; x_wconf 85' lang='lat' dir='ltr'>legimus,</span> <span class='ocrx_word' id='word_1_242' title='bbox 308 3027 420 3114; x_wconf 87' lang='lat' dir='ltr'>quibus</span> <span class='ocrx_word' id='word_1_243' title='bbox 455 3051 509 3095; x_wconf 90' lang='lat' dir='ltr'>cur</span> <span class='ocrx_word' id='word_1_244' title='bbox 540 3031 667 3097; x_wconf 86' lang='lat' dir='ltr'>nonnisi</span> <span class='ocrx_word' id='word_1_245' title='bbox 695 3032 845 3097; x_wconf 82' lang='lat' dir='ltr'>Teiorum</span> <span class='ocrx_word' id='word_1_246' title='bbox 875 3029 1048 3097; x_wconf 83' lang='lat' dir='ltr'>incolarum</span> <span class='ocrx_word' id='word_1_247' title='bbox 1082 3052 1183 3119; x_wconf 90' lang='lat' dir='ltr'>neque</span> 
     </span>
    </p>
   </div>
   <div class='ocr_carea' id='block_1_8' title="bbox 99 3292 1184 4049">
    <p class='ocr_par' dir='ltr' id='par_1_10' title="bbox 125 3292 1184 3573">
     <span class='ocr_line' id='line_1_33' title="bbox 194 3292 1184 3365; baseline 0.012 -23"><span class='ocrx_word' id='word_1_248' title='bbox 194 3292 226 3354; x_wconf 90' lang='lat' dir='ltr'>l)</span> <span class='ocrx_word' id='word_1_249' title='bbox 260 3293 314 3342; x_wconf 82' lang='lat' dir='ltr'>lem</span> <span class='ocrx_word' id='word_1_250' title='bbox 342 3296 435 3344; x_wconf 85' lang='lat' dir='ltr'>certius</span> <span class='ocrx_word' id='word_1_251' title='bbox 464 3294 527 3358; x_wconf 92' lang='lat' dir='ltr'>quid</span> <span class='ocrx_word' id='word_1_252' title='bbox 554 3295 588 3344; x_wconf 89' lang='lat' dir='ltr'>de</span> <span class='ocrx_word' id='word_1_253' title='bbox 614 3309 647 3345; x_wconf 90' lang='lat' dir='ltr'>eo</span> <span class='ocrx_word' id='word_1_254' title='bbox 670 3294 722 3342; x_wconf 89' lang='lat' dir='ltr'>dici</span> <span class='ocrx_word' id='word_1_255' title='bbox 744 3299 841 3359; x_wconf 84' lang='lat' dir='ltr'>potest,</span> <span class='ocrx_word' id='word_1_256' title='bbox 870 3293 932 3361; x_wconf 88' lang='lat' dir='ltr'>quid</span> <span class='ocrx_word' id='word_1_257' title='bbox 950 3295 998 3360; x_wconf 82' lang='lat' dir='ltr'>sit,</span> <span class='ocrx_word' id='word_1_258' title='bbox 1026 3297 1097 3365; x_wconf 88' lang='lat' dir='ltr'>qued</span> <span class='ocrx_word' id='word_1_259' title='bbox 1117 3299 1184 3353; x_wconf 82' lang='lat' dir='ltr'>inter</span> 
     </span>
     <span class='ocr_line' id='line_1_34' title="bbox 127 3351 1183 3432; baseline 0.011 -21"><span class='ocrx_word' id='word_1_260' title='bbox 127 3353 268 3427; x_wconf 76' lang='grc' dir='ltr'><em>ἇσφάλειαν</em></span> <span class='ocrx_word' id='word_1_261' title='bbox 285 3366 311 3410; x_wconf 88' lang='lat' dir='ltr'>et</span> <span class='ocrx_word' id='word_1_262' title='bbox 327 3351 449 3417; x_wconf 65' lang='grc' dir='ltr'><em>ἀσυλίαν,</em></span> <span class='ocrx_word' id='word_1_263' title='bbox 467 3359 511 3411; x_wconf 91' lang='lat' dir='ltr'>ubi</span> <span class='ocrx_word' id='word_1_264' title='bbox 529 3367 637 3428; x_wconf 77' lang='lat' dir='ltr'>utreque</span> <span class='ocrx_word' id='word_1_265' title='bbox 653 3359 749 3412; x_wconf 85' lang='lat' dir='ltr'>tutelae</span> <span class='ocrx_word' id='word_1_266' title='bbox 766 3362 836 3413; x_wconf 85' lang='lat' dir='ltr'>notio</span> <span class='ocrx_word' id='word_1_267' title='bbox 852 3356 938 3427; x_wconf 78' lang='lat' dir='ltr'>posits</span> <span class='ocrx_word' id='word_1_268' title='bbox 953 3373 1006 3432; x_wconf 88' lang='lat' dir='ltr'>est,</span> <span class='ocrx_word' id='word_1_269' title='bbox 1029 3368 1183 3422; x_wconf 77' lang='lat' dir='ltr'>intercesse-</span> 
     </span>
     <span class='ocr_line' id='line_1_35' title="bbox 125 3422 1182 3510; baseline 0.01 -30"><span class='ocrx_word' id='word_1_270' title='bbox 125 3428 167 3480; x_wconf 80' lang='lat' dir='ltr'>rit</span> <span class='ocrx_word' id='word_1_271' title='bbox 202 3426 272 3494; x_wconf 88' lang='lat' dir='ltr'>„Ubi</span> <span class='ocrx_word' id='word_1_272' title='bbox 289 3428 364 3479; x_wconf 76' lang='lat' dir='ltr'>simul</span> <span class='ocrx_word' id='word_1_273' title='bbox 385 3435 478 3510; x_wconf 76' lang='lat' dir='ltr'>exstet3</span> <span class='ocrx_word' id='word_1_274' title='bbox 497 3428 560 3480; x_wconf 82' lang='lat' dir='ltr'>dicit</span> <span class='ocrx_word' id='word_1_275' title='bbox 576 3429 699 3497; x_wconf 79' lang='lat' dir='ltr'>bleierus,</span> <span class='ocrx_word' id='word_1_276' title='bbox 717 3422 833 3497; x_wconf 72' lang='grc' dir='ltr'><em>ἅσφαλία</em></span> <span class='ocrx_word' id='word_1_277' title='bbox 849 3435 891 3483; x_wconf 80' lang='grc' dir='ltr'>καὶ</span> <span class='ocrx_word' id='word_1_278' title='bbox 909 3427 1014 3498; x_wconf 65' lang='lat' dir='ltr'>duella,</span> <span class='ocrx_word' id='word_1_279' title='bbox 1032 3433 1069 3487; x_wconf 90' lang='lat' dir='ltr'>ibi</span> <span class='ocrx_word' id='word_1_280' title='bbox 1087 3431 1182 3508; x_wconf 72' lang='grc' dir='ltr'><em>ἄσφαλ.</em></span> 
     </span>
     <span class='ocr_line' id='line_1_36' title="bbox 126 3495 1183 3573; baseline 0.012 -25"><span class='ocrx_word' id='word_1_281' title='bbox 126 3495 228 3548; x_wconf 83' lang='lat' dir='ltr'>videtur</span> <span class='ocrx_word' id='word_1_282' title='bbox 242 3496 275 3548; x_wconf 84' lang='lat' dir='ltr'>ad</span> <span class='ocrx_word' id='word_1_283' title='bbox 292 3512 442 3563; x_wconf 78' lang='lat' dir='ltr'>personum,</span> <span class='ocrx_word' id='word_1_284' title='bbox 461 3499 555 3550; x_wconf 81' lang='grc' dir='ltr'><em>ασυλία</em></span> <span class='ocrx_word' id='word_1_285' title='bbox 572 3498 605 3552; x_wconf 85' lang='lat' dir='ltr'>sd</span> <span class='ocrx_word' id='word_1_286' title='bbox 623 3513 664 3551; x_wconf 84' lang='lat' dir='ltr'>res</span> <span class='ocrx_word' id='word_1_287' title='bbox 684 3506 827 3565; x_wconf 81' lang='lat' dir='ltr'>spectasse,</span> <span class='ocrx_word' id='word_1_288' title='bbox 850 3499 894 3552; x_wconf 86' lang='lat' dir='ltr'>ubi</span> <span class='ocrx_word' id='word_1_289' title='bbox 912 3502 1058 3557; x_wconf 86' lang='lat' dir='ltr'>alterutrum</span> <span class='ocrx_word' id='word_1_290' title='bbox 1076 3512 1183 3573; x_wconf 70' lang='lat' dir='ltr'>uotum,</span> 
     </span>
    </p>

    <p class='ocr_par' dir='ltr' id='par_1_11' title="bbox 99 3560 1184 4049">
     <span class='ocr_line' id='line_1_37' title="bbox 99 3560 1184 3640; baseline 0.015 -26"><span class='ocrx_word' id='word_1_291' title='bbox 99 3564 195 3614; x_wconf 46' lang='lat' dir='ltr'>’idem</span> <span class='ocrx_word' id='word_1_292' title='bbox 213 3564 247 3615; x_wconf 82' lang='lat' dir='ltr'>sd</span> <span class='ocrx_word' id='word_1_293' title='bbox 264 3573 398 3634; x_wconf 86' lang='lat' dir='ltr'>utrumque</span> <span class='ocrx_word' id='word_1_294' title='bbox 413 3568 552 3632; x_wconf 83' lang='lat' dir='ltr'>pertinet“.</span> <span class='ocrx_word' id='word_1_295' title='bbox 598 3567 632 3620; x_wconf 80' lang='lat' dir='ltr'>Ar</span> <span class='ocrx_word' id='word_1_296' title='bbox 654 3560 747 3620; x_wconf 77' lang='grc' dir='ltr'><em>ἀσυλία</em></span> <span class='ocrx_word' id='word_1_297' title='bbox 767 3568 827 3619; x_wconf 83' lang='lat' dir='ltr'>voci</span> <span class='ocrx_word' id='word_1_298' title='bbox 850 3570 914 3623; x_wconf 89' lang='lat' dir='ltr'>nibil</span> <span class='ocrx_word' id='word_1_299' title='bbox 936 3589 1030 3626; x_wconf 85' lang='lat' dir='ltr'>causae</span> <span class='ocrx_word' id='word_1_300' title='bbox 1053 3582 1105 3640; x_wconf 87' lang='lat' dir='ltr'>est,</span> <span class='ocrx_word' id='word_1_301' title='bbox 1127 3593 1184 3637; x_wconf 71' lang='lat' dir='ltr'>¹cnr</span> 
     </span>
     <span class='ocr_line' id='line_1_38' title="bbox 127 3635 1182 3709; baseline 0.01 -24"><span class='ocrx_word' id='word_1_302' title='bbox 127 3647 213 3685; x_wconf 88' lang='lat' dir='ltr'>rerum</span> <span class='ocrx_word' id='word_1_303' title='bbox 234 3640 330 3684; x_wconf 69' lang='lat' dir='ltr'>tanum</span> <span class='ocrx_word' id='word_1_304' title='bbox 346 3635 424 3687; x_wconf 85' lang='lat' dir='ltr'>tutela</span> <span class='ocrx_word' id='word_1_305' title='bbox 447 3637 512 3690; x_wconf 87' lang='lat' dir='ltr'>insit.</span> <span class='ocrx_word' id='word_1_306' title='bbox 555 3635 682 3704; x_wconf 82' lang='lat' dir='ltr'>Equidem</span> <span class='ocrx_word' id='word_1_307' title='bbox 702 3635 822 3690; x_wconf 81' lang='lat' dir='ltr'>notiones</span> <span class='ocrx_word' id='word_1_308' title='bbox 845 3639 879 3691; x_wconf 86' lang='lat' dir='ltr'>ita</span> <span class='ocrx_word' id='word_1_309' title='bbox 901 3643 1061 3709; x_wconf 75' lang='lat' dir='ltr'>interpretari</span> <span class='ocrx_word' id='word_1_310' title='bbox 1083 3645 1182 3697; x_wconf 82' lang='lat' dir='ltr'>malim:</span> 
     </span>
     <span class='ocr_line' id='line_1_39' title="bbox 127 3702 1183 3780; baseline 0.01 -30"><span class='ocrx_word' id='word_1_311' title='bbox 127 3715 242 3766; x_wconf 82' lang='lat' dir='ltr'>proxeno</span> <span class='ocrx_word' id='word_1_312' title='bbox 270 3702 344 3754; x_wconf 85' lang='lat' dir='ltr'>detur</span> <span class='ocrx_word' id='word_1_313' title='bbox 365 3705 520 3769; x_wconf 85' lang='lat' dir='ltr'>praesidium</span> <span class='ocrx_word' id='word_1_314' title='bbox 543 3713 632 3758; x_wconf 82' lang='lat' dir='ltr'>contre</span> <span class='ocrx_word' id='word_1_315' title='bbox 652 3721 755 3757; x_wconf 87' lang='lat' dir='ltr'>omnem</span> <span class='ocrx_word' id='word_1_316' title='bbox 776 3706 896 3773; x_wconf 86' lang='lat' dir='ltr'>impetum</span> <span class='ocrx_word' id='word_1_317' title='bbox 924 3704 1093 3780; x_wconf 70' lang='grc' dir='ltr'>(ἀσφάλειαν)</span> <span class='ocrx_word' id='word_1_318' title='bbox 1121 3711 1183 3777; x_wconf 80' lang='lat' dir='ltr'>quin</span> 
     </span>
     <span class='ocr_line' id='line_1_40' title="bbox 127 3769 1182 3846; baseline 0.011 -27"><span class='ocrx_word' id='word_1_319' title='bbox 127 3769 204 3820; x_wconf 82' lang='lat' dir='ltr'>etium</span> <span class='ocrx_word' id='word_1_320' title='bbox 222 3778 310 3823; x_wconf 79' lang='lat' dir='ltr'>contra</span> <span class='ocrx_word' id='word_1_321' title='bbox 327 3772 457 3838; x_wconf 85' lang='lat' dir='ltr'>publicem</span> <span class='ocrx_word' id='word_1_322' title='bbox 475 3774 827 3841; x_wconf 73' lang='lat' dir='ltr'>praedandipcteststsm</span> <span class='ocrx_word' id='word_1_323' title='bbox 844 3778 880 3831; x_wconf 83' lang='lat' dir='ltr'>ita</span> <span class='ocrx_word' id='word_1_324' title='bbox 898 3785 1054 3846; x_wconf 60' lang='lat' dir='ltr'>ultroneam</span> <span class='ocrx_word' id='word_1_325' title='bbox 1072 3793 1182 3831; x_wconf 82' lang='lat' dir='ltr'>sacro·</span> 
     </span>
     <span class='ocr_line' id='line_1_41' title="bbox 127 3836 1181 3911; baseline 0.007 -20"><span class='ocrx_word' id='word_1_326' title='bbox 127 3845 258 3892; x_wconf 82' lang='lat' dir='ltr'>sanctus</span> <span class='ocrx_word' id='word_1_327' title='bbox 280 3843 385 3894; x_wconf 82' lang='lat' dir='ltr'>exsistet</span> <span class='ocrx_word' id='word_1_328' title='bbox 411 3837 547 3911; x_wconf 73' lang='grc' dir='ltr'><em>(ἀσυλία),·</em></span> <span class='ocrx_word' id='word_1_329' title='bbox 577 3836 707 3911; x_wconf 68' lang='grc' dir='ltr'>ἀσφάλεια</span> <span class='ocrx_word' id='word_1_330' title='bbox 728 3844 750 3896; x_wconf 86' lang='lat' dir='ltr'>ei</span> <span class='ocrx_word' id='word_1_331' title='bbox 772 3845 828 3899; x_wconf 84' lang='lat' dir='ltr'>sola</span> <span class='ocrx_word' id='word_1_332' title='bbox 850 3846 943 3899; x_wconf 86' lang='lat' dir='ltr'>dicitur</span> <span class='ocrx_word' id='word_1_333' title='bbox 971 3846 1181 3911; x_wconf 81' lang='lat' dir='ltr'>comprehendit,</span> 
     </span>
     <span class='ocr_line' id='line_1_42' title="bbox 126 3907 1182 3981; baseline 0.01 -24"><span class='ocrx_word' id='word_1_334' title='bbox 126 3908 187 3976; x_wconf 79' lang='lat' dir='ltr'>qnia</span> <span class='ocrx_word' id='word_1_335' title='bbox 204 3909 231 3959; x_wconf 91' lang='lat' dir='ltr'>in</span> <span class='ocrx_word' id='word_1_336' title='bbox 248 3911 393 3964; x_wconf 83' lang='lat' dir='ltr'>universum</span> <span class='ocrx_word' id='word_1_337' title='bbox 411 3911 512 3964; x_wconf 74' lang='lat' dir='ltr'>tutelam</span> <span class='ocrx_word' id='word_1_338' title='bbox 529 3908 672 3981; x_wconf 75' lang='lat' dir='ltr'>significat,</span> <span class='ocrx_word' id='word_1_339' title='bbox 700 3912 777 3965; x_wconf 85' lang='lat' dir='ltr'>etiem</span> <span class='ocrx_word' id='word_1_340' title='bbox 795 3907 915 3980; x_wconf 71' lang='grc' dir='ltr'><em>ἀσυλίαν,</em></span> <span class='ocrx_word' id='word_1_341' title='bbox 943 3914 984 3965; x_wconf 88' lang='lat' dir='ltr'>sin</span> <span class='ocrx_word' id='word_1_342' title='bbox 1009 3919 1093 3966; x_wconf 75' lang='lat' dir='ltr'>autern</span> <span class='ocrx_word' id='word_1_343' title='bbox 1116 3916 1182 3968; x_wconf 80' lang='lat' dir='ltr'>baec</span> 
     </span>
     <span class='ocr_line' id='line_1_43' title="bbox 127 3978 901 4049; baseline 0.01 -22"><span class='ocrx_word' id='word_1_344' title='bbox 127 3978 209 4043; x_wconf 86' lang='lat' dir='ltr'>posita</span> <span class='ocrx_word' id='word_1_345' title='bbox 228 3983 280 4043; x_wconf 85' lang='lat' dir='ltr'>est,</span> <span class='ocrx_word' id='word_1_346' title='bbox 299 3983 411 4033; x_wconf 78' lang='lat' dir='ltr'>continet</span> <span class='ocrx_word' id='word_1_347' title='bbox 426 3981 496 4034; x_wconf 83' lang='lat' dir='ltr'>illem</span> <span class='ocrx_word' id='word_1_348' title='bbox 515 3996 631 4049; x_wconf 88' lang='lat' dir='ltr'>quoque,</span> <span class='ocrx_word' id='word_1_349' title='bbox 649 3987 678 4035; x_wconf 87' lang='lat' dir='ltr'>ut</span> <span class='ocrx_word' id='word_1_350' title='bbox 693 3983 794 4047; x_wconf 84' lang='lat' dir='ltr'>species</span> <span class='ocrx_word' id='word_1_351' title='bbox 812 3995 901 4049; x_wconf 75' lang='lat' dir='ltr'>genus.</span> 
     </span>
    </p>
   </div>
   <div class='ocr_carea' id='block_1_9' title="bbox 0 0 1398 4422">
    <p class='ocr_par' dir='ltr' id='par_1_12' title="bbox 0 0 1398 4422">
     <span class='ocr_line' id='line_1_44' title="bbox 0 0 1398 4422; baseline 0 0"><span class='ocrx_word' id='word_1_352' title='bbox 0 0 1398 4422; x_wconf 95' lang='lat' dir='ltr'> </span> 
     </span>
    </p>
   </div>
  </div>
 </body>
</html>
