2788 4422
628 270 842 337 ...ds-

209 446 350 511 messem
382 445 414 510 in
441 442 589 532 templum
611 442 775 510 Minervae
801 442 899 509 Aleae
926 441 1065 528 confugit
1077 443 1121 521 ¹),
1153 440 1267 507 eodem

209 532 377 597 Pausanias
401 530 597 596 Plistonactis
619 530 702 597 filius
724 531 777 616 qui
804 550 898 615 quum
924 529 1064 594 tardiore
1088 528 1198 593 itincre
1232 530 1268 592 in

210 619 375 682 Boeotiam
397 617 574 696 invasisset,
606 617 645 681 ab
668 615 853 682 adversariis
886 616 1055 681 maiestatis
1091 614 1266 701 postulatus

209 713 265 769 est.
318 704 475 786 Tegeatae
507 702 679 788 supplicem
711 712 895 790 receperunt
905 702 944 782 ²).
993 702 1118 766 Praeter
1151 701 1266 782 Leoty-

210 788 347 866 chidem,
372 789 424 874 qui
446 789 558 854 eedem
580 789 658 874 fugit
680 795 736 869 „lc
758 787 925 869 diuqu“³)‚
948 787 1111 871 Lysander
1134 809 1266 851 comme·

209 875 378 940 morandus
405 886 469 957 est,
502 876 554 982 qui
582 879 704 960 (κρίσιν
726 870 933 958 θανατικὴν)
965 870 1026 957 οὐχ
1050 868 1197 950 ὑποστὰς
1223 878 1268 949 εὶς

212 964 334 1046 Τεγέαν
355 966 455 1049 ἔφυγε
480 972 572 1044 aquei
593 963 788 1046 κατεβίωσεν
810 966 843 1025 ἐν
864 961 912 1042 aqi
932 965 1053 1042 τεμένει
1082 960 1143 1037 τῆς
1168 956 1267 1036 Ἀθη·

208 1047 268 1122 νας
278 1050 317 1124 ⁴).
361 1047 579 1111 Necessarium
601 1057 683 1129 erat,
719 1056 753 1115 ut
774 1045 809 1110 id
836 1044 924 1132 quod
946 1045 1113 1110 Pausanias
1141 1043 1182 1106 de
1202 1044 1267 1106 hoe

209 1155 298 1198 sacro
313 1132 416 1214 refert,
440 1133 618 1205 omnibus
633 1143 804 1199 sanctum
824 1132 920 1197 fuisse
942 1131 1056 1212 (πᾶσιν
1071 1130 1266 1212 αἰδέσιμον),

189 1220 241 1284 ⁴in
263 1221 408 1285 omnibus
429 1221 528 1302 asylis
550 1221 721 1299 obtineret,
757 1239 858 1305 neque
883 1239 960 1283 vero
987 1218 1043 1297 ita,
1075 1225 1110 1281 ut
1135 1224 1267 1301 propter

180 1306 270 1381 ,late
297 1316 453 1390 patentem
482 1307 689 1393 omnibusque
715 1318 852 1371 sanctam
883 1303 1017 1369 numinis
1052 1302 1267 1367 auctoritatem

208 1389 297 1470 asyla
329 1396 446 1466 essent,
479 1410 585 1454 verum
617 1401 650 1454 ut
677 1401 806 1473 propter
832 1391 914 1468 asyli
942 1390 990 1450 ius
1018 1388 1057 1450 ab
1090 1387 1265 1449 omnibus

207 1476 400 1542 sanctissima
423 1473 618 1541 haberentur.
663 1474 758 1539 Cuius
779 1472 902 1557 generis
929 1471 1126 1536 caerimoniis
1147 1470 1265 1556 suppli·

207 1563 296 1627 cibus
319 1562 482 1627 Minervae
496 1560 610 1642 Aleae,
634 1569 665 1626 et
686 1581 758 1625 num
782 1558 894 1644 quibus
916 1556 1008 1622 fuerit
1029 1579 1109 1645 opus
1124 1558 1265 1640 ignotum

207 1657 267 1727 est,
298 1648 382 1712 illam
410 1668 485 1712 vero
510 1648 615 1727 δίκην,
649 1667 740 1732 quam
761 1644 975 1726 Leotychidas
997 1645 1107 1721 subiit,
1130 1643 1162 1706 in
1185 1642 1265 1707 reli·-

206 1735 302 1818 gione
323 1757 360 1800 ac
382 1733 578 1798 caerimoniis
601 1735 736 1820 positam
757 1731 853 1796 fuisse
879 1730 1013 1796 fortasse
1038 1740 1122 1794 recte
1149 1730 1266 1815 opina-

177 1848 179 1853 ·
207 1821 300 1890 beris.
345 1820 457 1905 Neque
476 1841 594 1883 morem
610 1828 734 1882 catenas
756 1815 969 1905 suspendendi
992 1817 1031 1881 ab
1055 1816 1152 1880 Aleae
1174 1837 1264 1880 sacro

205 1926 335 1992 prorsus
357 1905 492 1968 alienum
513 1904 611 1969 fuisse
633 1903 775 1972 dixerim.
820 1904 906 1981 Quid
928 1902 1033 1968 enim?
1077 1901 1195 1967 Nonne
1220 1901 1265 1964 li·-

207 1991 290 2056 cebit
311 1989 471 2056 Herodoti
492 1992 701 2056 narrationem
715 1992 743 2068 ⁶)
766 1991 827 2057 hue
848 1989 986 2056 referre?
1025 1987 1266 2056 Lacedaemonii

206 2078 289 2143 euim
311 2078 457 2162 ambiguo
480 2077 566 2143 ducti
588 2077 731 2143 oraculo:

375 2238 378 2247 =
406 2207 489 2264 Acium
507 2232 549 2264 τοι
570 2217 663 2280 Τεγέην
680 2209 849 2283 ποσσίκροτον
865 2204 1034 2280 ὀρχήσασθαι

404 2283 465 2332 ’Καὶ
483 2278 559 2333 καλὸν
576 2284 665 2334 πεδίον
685 2287 779 2350 σχοίνῳ
803 2283 1034 2350 διαμετρήσασθαι.

204 2416 341 2499 Tegeam
363 2415 540 2485 invaserant
560 2416 664 2482 vinela
685 2436 790 2480 secum
812 2413 957 2481 ferentes.
1010 2412 1071 2477 Ubi
1098 2433 1174 2476 vero
1201 2411 1263 2476 ad-

180 2522 298 2567 ·verso
321 2499 426 2566 Marte
449 2513 616 2588 pugnatum
639 2509 701 2581 est,
736 2498 848 2585 captivi
870 2498 947 2563 iussi
969 2507 1042 2563 suut
1062 2498 1186 2562 vincula
1211 2497 1262 2562 fe-

203 2597 309 2654 rentes
335 2588 493 2673 planitiem
520 2592 644 2675 Tegeae
674 2586 792 2674 laqueis
826 2586 935 2652 metiri.
991 2583 1124 2648 Vincula
1151 2583 1263 2670 quibus

205 2672 367 2738 constricti
388 2694 481 2758 agros
506 2675 605 2740 mensi
627 2683 712 2751 suut,
750 2670 935 2736 Herodotus
961 2692 995 2735 se
1022 2669 1138 2734 vidisse
1159 2678 1264 2733 narrat

178 2760 237 2823 'iu
268 2757 343 2822 fauo
375 2756 534 2843 suspensa.
590 2760 695 2834 Quam
720 2754 855 2821 fabulam
882 2755 957 2820 inde
984 2755 1144 2835 duxerim
1176 2753 1264 2841 quod

204 2841 364 2909 Herodoti
385 2844 531 2929 aequales
553 2844 721 2928 antiquitus
743 2852 942 2906 conservatas
966 2840 1135 2929 compedes
1160 2864 1178 2906 e
1206 2862 1262 2905 oe-

204 2929 377 2995 leberrimis
400 2930 550 2994 maiorum
572 2929 666 2995 rebus
689 2930 784 3013 gestis
806 2928 982 2994 maluerunt
1006 2938 1149 3015 repetere
1170 2948 1261 3013 quam

204 3037 222 3081 e
243 3037 333 3080 more
354 3015 515 3081 nonnullis
537 3016 634 3098 asylis
656 3015 821 3094 communi,
843 3015 895 3079 hic
910 3015 1044 3081 fortasse
1059 3015 1155 3099 magis
1193 3033 1263 3077 uam

204 3102 281 3168 alias
303 3101 336 3165 in
358 3101 562 3183 oblivionem,
587 3123 626 3167 ne
641 3101 756 3167 dicam:
778 3102 936 3182 invidiam,
959 3100 1105 3167 adducto.
1119 3135 1161 3148 -
1207 3119 1263 3163 aec

204 3187 329 3276 quidem
352 3188 503 3255 Graeciae
522 3188 678 3256 interioris
706 3187 795 3270 asyla
824 3210 864 3252 ne
890 3190 928 3279 iis
955 3187 1080 3274 quidem
1106 3185 1260 3271 tempori-

272 3443 304 3506 2)
339 3441 462 3498 Pausll.
482 3443 521 3495 17.
540 3443 563 3497 7.
581 3441 628 3504 (cl.
647 3441 942 3508 videmusne.
960 3443 992 3506 l;
1012 3436 1286 3504 astructorem..

203 3507 291 3576 symb.
309 3510 339 3562 11.
358 3526 384 3577 p.
403 3511 463 3563 786.
499 3509 578 3566 Thue.
596 3511 636 3564 lv.
656 3514 720 3566 1332
738 3514 833 3581 Xpu'erc
850 3516 874 3568 rc
892 3510 1019 3562 Φλιοῦντα
1036 3504 1135 3578 φεύγει·
1153 3504 1261 3559 fortasse

202 3580 230 3631 iu
243 3575 366 3652 templum
385 3577 485 3642 Hebes,
504 3579 574 3645 quod
592 3581 690 3646 asylum
708 3581 788 3633 luisse
805 3580 931 3631 novinrus.

271 3662 302 3726 3)
338 3661 412 3714 Paua.
429 3661 470 3713 tlt
489 3663 513 3714 6.
532 3663 557 3716 6.
592 3664 713 3730 Xenoph.
731 3665 756 3715 lr.
776 3664 817 3717 Gr.
834 3663 875 3717 111.
892 3665 918 3716 5.
937 3668 999 3714 extr.
1023 3661 1050 3711 iu
1068 3674 1101 3711 eo
1123 3658 1261 3726 acquievit,

204 3738 231 3783 ut
246 3729 399 3783 Pausaniam
419 3729 532 3799 Tegeam
552 3731 632 3785 luisse
647 3742 763 3806 narraret
779 3734 867 3800 ibique
884 3739 1010 3786 mortuum
1027 3745 1085 3784 esse
1102 3727 1201 3783 morbo.

270 3817 300 3880 4)
332 3815 407 3867 Pauo.
423 3814 467 3868 Ill.
488 3817 529 3870 78.

269 3901 300 3963 e)
334 3899 399 3952 Plut.
415 3900 474 3967 lys.
493 3915 517 3952 u.
536 3900 578 3953 ³0.

270 3982 301 4048 6)
336 3980 359 4039 l·
379 3999 401 4035 c.
418 3985 460 4040 66.
