2788 4422
517 282 730 349 ...25-

104 474 167 520 mus
184 455 209 532 ¹)
245 454 385 541 Agesilai
416 455 542 521 victoris
576 456 652 520 iram
686 453 802 521 divino
825 450 987 540 praesidio>
1015 451 1155 536 mitigare

73 542 78 551 “
103 540 254 622 voluisse,
285 563 322 606 ea
348 542 530 607 conditione
551 551 585 608 ut
606 541 760 627 mancipia
782 539 891 607 fierent
912 538 952 604 ab
975 559 1027 604 ara
1049 535 1155 603 deces-
1230 600 1232 605 .

101 636 212 695 serunt.

186 714 230 776 At
252 732 329 798 quae
351 713 429 778 scita
450 721 524 778 sunt
537 710 772 776 Atheniensium
798 710 944 777 institutis
967 718 1020 774 aut
1032 707 1155 795 legibus

102 796 143 861 de
168 796 416 864 facinorosorum
445 798 531 864 aditu
558 819 717 863 sacrorum
740 794 893 861 eiusmodi
916 804 1001 874 sunt,
1028 803 1062 857 ut
1084 814 1156 878 sup·

101 881 217 968 plioum
238 884 286 950 ius
308 894 524 972 praeterquam
546 884 632 971 quod
654 905 720 949 nou
743 891 882 960 tuentur,
913 901 953 945 ne
975 900 1069 966 passa
1089 878 1156 978 qui·

104 967 172 1032 dem
194 990 264 1036 esse
284 971 455 1037 videantur.
498 972 548 1034 Ea
568 972 649 1035 enim
671 980 736 1035 erat
756 969 878 1053 religio,
902 988 942 1032 ue
964 966 1017 1052 qui
1038 964 1156 1048 flagitio

103 1058 327 1122 contaminatus
349 1065 449 1132 esset,
470 1053 588 1137 templa
609 1077 688 1140 quae
710 1055 809 1118 adiret
830 1054 899 1137 ipsa
925 1051 1157 1125 contaminaret,

102 1148 137 1204 ut
162 1163 272 1204 causae
299 1141 340 1205 de
370 1138 466 1205 caedo
491 1139 542 1218 vel
568 1139 697 1205 fortuito
723 1138 774 1202 vel
801 1137 946 1202 consulto
977 1136 1057 1200 facta
1084 1136 1159 1199 dum

104 1235 279 1307 agerentur,
301 1247 356 1291 reo
380 1246 446 1290 non
467 1226 575 1291 liceret
596 1226 636 1292 ad
658 1225 786 1312 publica
807 1223 956 1289 accedere
970 1223 1042 1287 loca
1064 1231 1160 1304 (upo-

105 1307 271 1394 αγαρεύαν
292 1310 462 1393 εἴργεσθαι
483 1312 546 1376 τῶν
567 1312 791 1395 νομίμων),
820 1320 853 1373 ut
874 1308 984 1373 mulier
1011 1308 1045 1370 in
1072 1305 1158 1371 adul·

104 1395 183 1457 tario
216 1396 411 1479 deprehensa
437 1417 456 1459 a
483 1395 578 1476 fanis,
613 1418 692 1483 quae
727 1396 889 1479 peregriua
915 1404 947 1457 et
973 1415 1063 1457 serva
1088 1394 1159 1477 ipsa

104 1480 229 1565 impune
251 1481 393 1561 adibant,
428 1491 581 1546 arceretur
591 1482 637 1559 ³),
671 1491 706 1545 ut
730 1479 906 1544 homicidae
931 1478 1078 1543 institutis
1105 1499 1158 1564 pa-

103 1566 185 1644 triis,
212 1565 306 1646 lanis,
337 1566 409 1632 foro
436 1566 722 1654 prohiberentur⁴).
768 1564 872 1643 Quid?
893 1574 961 1630 tota
981 1564 1043 1643 illa,
1060 1584 1159 1647 quam

103 1660 219 1716 vocant
239 1649 416 1736 ἀπαγωγῆς
438 1655 534 1731 actio,
563 1654 595 1716 iu
618 1675 679 1740 qua
701 1652 865 1717 cuiuslibet
886 1651 1008 1736 generis
1035 1649 1163 1713 scelesti.

105 1737 312 1822 (κακοῦργοι)
345 1760 438 1825 quum
466 1738 654 1826 deprehensi
681 1747 786 1803 esseut
813 1739 844 1803 iu
873 1736 996 1803 vincula
1027 1734 1161 1799 coniecti

103 1822 258 1888 iudicibus
292 1825 548 1910 tradebantur⁵),
588 1825 632 1891 ita
661 1835 839 1913 comparata
871 1834 933 1905 est,
965 1832 998 1888 ut
1030 1821 1161 1908 perfugii

105 1909 274 2002 <praetendi
285 1919 426 1995 potestas
440 1911 582 1977 videatur
592 1912 678 1977 nulla
691 1912 795 1979 fuisse.
817 1912 922 1997 Atque
931 1909 1160 1975 Demosthenes

105 2015 200 2098 quum
216 1996 333 2081 optima
348 1997 421 2062 data
435 2010 518 2063 essct
529 2000 655 2063 occasio
668 1998 869 2062 Aristocratis
882 1997 996 2081 legem:
1020 1992 1100 2073 „luia
1111 2016 1163 2068 τις

103 2089 278 2172 ααοκτείαγ
300 2083 497 2166 Χαρίδημον
511 2080 679 2169 ἀγώγιμον
693 2082 775 2150 εἶναι
798 2078 1088 2165 αανταγοίθαα(ι
1110 2100 1162 2142 ve·

102 2167 263 2231 hementer
284 2170 500 2253 persequenti,
532 2191 572 2231 nc
597 2171 695 2232 ullum
722 2168 847 2252 quidem
873 2167 1002 2230 verbum
1031 2163 1071 2226 de
1093 2160 1163 2226 Ari·

105 2252 251 2316 stocratis
277 2252 469 2336 impudentia
495 2251 583 2329 facit,
621 2271 681 2337 qua
707 2252 807 2335 legem
835 2250 986 2336 aliquam,
1024 2269 1065 2312 ne
1093 2248 1163 2334 quis

105 2336 277 2422 supplicem
302 2334 457 2400 violenter
483 2357 501 2400 a
527 2336 601 2401 fano
632 2337 806 2418 abstrahat,
844 2336 961 2401 nefarie
993 2335 1162 2402 sustulerit.

106 2422 200 2487 Hauc
221 2423 314 2506 igitur
335 2422 435 2507 legem
457 2443 522 2487 non
544 2423 640 2489 fuisse
661 2434 746 2489 recte
768 2424 975 2508 suspicamur,
998 2424 1059 2486 nisi
1081 2424 1164 2486 sorte

104 2519 262 2593 tamquam
287 2509 321 2570 iu
353 2508 474 2590 asylum
503 2507 662 2595 quoddam
688 2510 750 2594 ipsi
781 2507 975 2593 confugimus
1002 2507 1043 2572 ad
1068 2506 1166 2573 verba

106 2595 256 2670 oratoris
280 2593 392 2681 quibus
414 2615 479 2659 nou
503 2616 610 2659 omnes
633 2617 668 2659 se
691 2616 952 2661 commemorasse
978 2593 1065 2679 leges
1088 2593 1164 2658 fate·

104 2690 169 2757 tur,
190 2681 222 2757 in
245 2701 321 2829 quus
343 2690 459 2746 temere
481 2692 512 2747 ct
533 2682 675 2768 nequiter
692 2682 790 2766 egerit
804 2680 1061 2762 Aristocraten.
1105 2678 1165 2743 llla

106 2763 233 2850 quidem
269 2787 319 2847 ex,
342 2767 496 2854 adquam
519 2768 714 2856 Meursius⁷)
738 2768 871 2835 animum
887 2766 1027 2851 attendit,
1051 2766 1165 2853 apertis

176 3003 450 3066 namma

176 3086 207 3149 2)
244 3100 269 3136 v.
287 3085 367 3138 lleier
385 3094 410 3138 et
428 3087 545 3141 Schoem.
563 3089 616 3141 iud.
634 3090 692 3144 Aah.
711 3105 737 3156 p.
754 3090 796 3143 27.

175 3171 205 3235 3)
241 3185 266 3225 v.
285 3169 354 3223 Dent.
374 3172 400 3223 in
418 3172 509 3229 Neaer.
528 3190 552 3240 p.
574 3175 654 3236 1374,
673 3175 691 3224 l.
713 3177 752 3224 11.
789 3171 928 3221 otherus.
947 3165 1036 3216 Them.
1049 3164 1100 3214 Ait.
1109 3165 1128 3215 1.
1141 3166 1167 3218 5.

105 3238 197 3290 Melet.
217 3238 234 3286 l.
252 3238 270 3286 l.
292 3255 316 3300 p.
338 3241 397 3290 330.

175 3319 205 3381 4)
239 3334 265 3368 v.
282 3319 375 3369 neura.
392 3318 408 3374 l.
425 3319 443 3369 l.
462 3319 479 3373 l.
502 3320 539 3372 15.

177 3401 207 3467 b)
241 3417 267 3453 v.
285 3401 373 3453 lleier.
391 3402 408 3453 l.
426 3402 444 3454 l.
462 3419 488 3470 p.
506 3403 557 3456 217
580 3416 635 3470 sqq.
670 3401 704 3454 el.
727 3400 831 3456 Weber.
849 3400 979 3456 Denrosth.
1003 3416 1040 3458 or.
1065 3416 1087 3452 c.
1105 3400 1168 3453 Ari-

105 3478 186 3528 stom.
205 3469 247 3521 od.
264 3470 320 3522 lau.
339 3472 413 3525 1815.
432 3488 458 3539 p.
475 3470 536 3538 291,
555 3472 598 3539 qui
616 3471 703 3523 lleieri
716 3471 876 3541 ingeniosam
888 3471 1039 3523 sententiam
1057 3472 1094 3538 (p.
1103 3470 1167 3538 233)

106 3540 238 3591 actionem
257 3533 395 3607 ἐπαγωγῆς
411 3556 427 3592 e
445 3540 515 3592 civili
533 3540 668 3608 prudentia
687 3541 843 3606 potissimum
858 3541 1022 3608 repetendam
1035 3557 1101 3603 esse,
1121 3556 1167 3591 ce-

105 3618 177 3660 teras
196 3614 279 3659 antem
300 3611 387 3660 caedis
406 3624 530 3662 causaue
553 3610 640 3661 divino
656 3610 714 3660 inre
732 3610 842 3662 humano
862 3612 954 3681 generi
972 3614 1060 3663 innato
1079 3616 1104 3660 et
1123 3624 1168 3659 re·

106 3678 211 3747 ligione
228 3678 343 3741 sancito,
361 3681 453 3732 iniusto
469 3680 636 3749 impugnavit.
1160 3736 1167 3759 ι

179 3761 209 3824 6)
244 3777 267 3827 p.
277 3763 340 3817 640:
359 3756 391 3815 οὗ
407 3768 493 3816 τοίνυν
510 3763 616 3821 τούτους
632 3763 715 3832 μόνον
730 3758 790 3821 τοὺς
805 3763 897 3830 νόμους
907 3767 1085 3839 παραβέβηκεαὲ
1103 3750 1168 3836 {tta

105 3834 153 3883 καὶ
179 3823 271 3887 ἄλλους
290 3828 400 3890 πολλοῦς
423 3826 467 3891 οὓς
490 3826 521 3885 οὗ
543 3832 780 3903 παραγεγράμμεθα
802 3827 847 3885 daci
867 3830 898 3882 τὸ
919 3831 1037 3895 πλῆθος,
1067 3825 1113 3876 “ld
1144 3829 1169 3876 ἒν

103 3899 237 3968 κεφαλαίῳ
254 3896 328 3966 λόγῳ.

181 3985 209 4048 7)
242 3983 260 4036 1.
280 3998 303 4037 u.
321 3981 411 4039 1132.
446 3983 531 4039 huon.
550 3982 635 4038 Probl.
653 3983 747 4037 rhetor.
767 3982 809 4034 to.
