2788 4422
649 314 862 380 ..23-

235 485 331 570 frugis
353 506 435 572 ager,
458 504 549 571 quem
567 485 685 567 Pactya
707 485 815 551 dedito
844 494 1042 574 acceperant,
1064 485 1183 553 ferebat
1205 509 1223 552 a
1245 507 1290 553 sa·

236 573 359 637 orificiis
381 571 585 638 secludentes,
629 572 732 658 Atque
744 582 810 636 erat
832 569 958 658 quidem
973 572 1058 638 haud
1074 573 1167 639 dubie
1186 583 1289 660 poste·

234 658 371 724 rioribus
394 678 520 743 quoque
541 658 734 742 temporibus
756 678 840 739 mos,
863 666 897 723 ut
918 660 1073 744 peregrini
1094 662 1146 747 qui
1160 660 1290 747 patrium

236 742 338 809 solum
362 751 531 820 verterant,
555 742 712 830 supplices
735 745 960 830 exciperentur.
1004 745 1046 809 Ut
1073 748 1153 810 enim
1177 756 1291 809 certum

235 838 298 907 est,
331 849 553 913 saepenumero
581 829 747 907 accidisse,
776 840 810 893 nt
839 831 883 894 rei
910 830 1055 895 iudicium
1082 832 1291 916 subterfugere

236 936 327 1002 qnam
350 915 490 1001 accipere
513 913 654 993 mallent,
682 912 715 978 id
739 914 824 1001 quod
847 937 888 979 ex
911 918 1089 982 oratoribus
1116 918 1227 981 Atticis
1249 915 1291 981 f·

236 1000 296 1065 cile
319 1001 445 1085 cognitu
466 1009 523 1080 est,
546 1001 597 1065 ita<
610 1000 758 1066 habuisse
779 1000 941 1085 fugitivos,
986 1024 1028 1082 no
1051 1024 1086 1067 se
1107 1002 1215 1067 salutis
1237 1022 1293 1085 spe

236 1085 422 1166 conferrent,
446 1107 573 1151 necesse
590 1097 645 1152 est.
690 1093 731 1152 nt
753 1088 895 1152 Athenae
917 1024 1040 1174 quidem
1062 1089 1149 1174 ipsae
1171 1086 1293 1172 saepius

237 1171 469 1252 collaudantur,
493 1171 579 1259 qnod
602 1193 725 1258 semper
747 1173 948 1238 clarissimum
971 1175 1143 1261 perfugium
1165 1174 1292 1238 miscro-

234 1281 301 1323 rum
325 1281 395 1324 esse
417 1258 628 1334 voluerunt¹).
673 1259 792 1324 Tamen
814 1259 891 1324 haec
914 1280 1040 1346 quoque
1059 1260 1183 1324 licentia
1197 1258 1309 1343 magis*

235 1343 396 1426 magisque
419 1345 603 1405 arctioribus
624 1347 764 1407 terminis
787 1344 988 1410 coercebatur
1010 1355 1041 1409 et
1057 1345 1205 1427 quodius
1220 1365 1293 1426 gen·

235 1430 310 1493 tium
334 1427 429 1510 magis
452 1425 536 1492 civili
558 1423 723 1512 prudentia
750 1426 871 1489 definiri
897 1440 1044 1512 coeptum
1069 1438 1117 1490 est
1142 1436 1173 1491 et
1207 1428 1294 1513 quod

235 1522 319 1577 metu
339 1513 553 1603 potentiorum
579 1514 677 1598 pietas
706 1510 803 1576 modo
831 1511 1011 1576 vincebatur
1040 1510 1137 1576 modo
1164 1513 1292 1577 omnino

235 1598 322 1665 nulla
349 1608 424 1666 erat.
479 1599 555 1662 Erat
581 1597 815 1665 Atheniensium
842 1598 896 1660 lex
922 1607 955 1662 ut
981 1598 1008 1662 is
1035 1599 1089 1683 qui
1115 1597 1292 1663 voluntario

236 1686 335 1750 exilio
358 1708 376 1749 e
398 1684 497 1773 patria
519 1693 670 1749 remotum
697 1692 728 1747 et
748 1683 788 1748 ab
820 1684 963 1749 omnibus
990 1686 1182 1749 Graecorum
1209 1707 1292 1749 com·

235 1772 379 1837 munibns
403 1771 499 1835 sacris
521 1769 666 1855 ludisque
687 1768 959 1856 Amphictyoniois
981 1779 1066 1834 caste
1087 1770 1292 1835 abstinentem

236 1856 418 1935 occidisset,
440 1857 509 1940 ipse
531 1857 632 1940 capite
658 1853 862 1920 damnaretur.
915 1857 986 1933 Qua
1013 1855 1084 1940 lege
1108 1855 1293 1923 Demosthe·

236 1962 292 2006 nes
315 1963 389 2007 usus
412 1950 460 2006 est
488 1939 529 2004 ad
554 1940 753 2026 probandum
780 1963 871 2028 quam
898 1943 1012 2008 iustum
1038 1963 1074 2006 ac
1100 1942 1293 2008 moderatum

236 2028 303 2092 cius
337 2026 390 2113 qui
422 2027 522 2112 legem
555 2027 693 2106 tulisset,
729 2028 884 2111 ingenium
915 2027 1039 2106 fuisset,
1075 2029 1146 2114 qnia
1175 2031 1202 2093 si
1231 2029 1295 2114 ipsi

237 2113 442 2177 Athenienses
465 2135 522 2178 eos
543 2114 596 2198 qui
617 2114 649 2176 in
672 2112 804 2178 alienam
826 2123 938 2178 terram
962 2113 1182 2198 confugissent,
1205 2135 1294 2177 neca·

236 2208 321 2279 rent,
345 2209 465 2263 ceterae
487 2209 595 2283 gentes
618 2221 675 2263 eos
697 2198 886 2264 interfecturi
909 2209 1026 2279 essent,
1050 2200 1149 2285 quiin
1169 2200 1293 2264 Atticos

236 2307 328 2370 agros
356 2284 535 2350 domesticis
564 2284 694 2349 miseriis
722 2287 827 2352 vexati
856 2286 955 2372 elapsi
989 2295 1108 2372 essent3
1147 2287 1232 2372 quod
1265 2286 1294 2351 si

235 2371 338 2448 fieret,
361 2370 430 2434 fore
452 2379 486 2434 ut
508 2371 593 2433 omni
614 2372 718 2435 miseri
741 2381 881 2435 carerent
895 2372 1059 2455 perfugio,
1083 2377 1126 2447 (εὶ
1148 2374 1183 2433 δὲ
1205 2367 1292 2435 τοῦτ’

236 2458 327 2520 ’ἐσται
349 2453 370 2533 ἡ
393 2453 479 2539 μόνη
502 2456 600 2535 λοιπὴ
625 2467 696 2532 τοῖς
725 2454 905 2540 ἀτυχοῦσιν
927 2454 1031 2520 ἅπασι
1053 2458 1194 2538 σωτηρία
1216 2456 1294 2520 διοι-

236 2539 467 2624 φθαρήσεται)
478 2542 521 2622 ²),
545 2542 631 2628 quod
648 2565 709 2629 qua
730 2543 762 2607 in
777 2563 811 2606 re
825 2541 961 2627 positum
978 2542 1028 2622 sit,
1052 2543 1212 2627 sequentia
1224 2563 1294 2607 ver-

234 2627 277 2692 ba
300 2627 430 2691 docent:
463 2633 496 2691 ὲκ
519 2631 576 2705 τῆς
597 2630 661 2693 τῶν
687 2626 906 2693 πεπονθότων
926 2627 1144 2708 μεταστάντες
1165 2635 1209 2702 εὶς
1231 2625 1295 2704 τὴν

234 2713 300 2778 τῶν
320 2711 426 2796 μηδὲν
446 2710 649 2796 ἠδικημένων
671 2711 773 2786 ἀδεῶς
797 2720 960 2794 μετοικεῖν
971 2709 1009 2786 ³).
1055 2710 1180 2786 Quodsi
1209 2711 1294 2776 We·-

236 2798 365 2873 berus⁴)
389 2799 476 2864 dicit:
500 2800 562 2880 „ab
585 2799 712 2863 heroica
735 2805 834 2860 aetate
851 2816 919 2859 mos
934 2794 1101 2861 homicidis
1119 2797 1294 2884 perfugium

235 2884 406 2969 praebendi
433 2886 601 2973 permansit
627 2884 658 2945 in
685 2881 860 2945 civitatibus
891 2882 1033 2960 Graecis,
1071 2892 1102 2945 at
1134 2884 1294 2968 prioribus

236 2971 430 3056 temporibus
452 2970 529 3034 illud
546 2966 795 3033 avexationibus
817 2976 1021 3049 cognatorum
1043 2967 1139 3031 occisi
1158 2990 1223 3034 non
1245 2980 1295 3035 tu·

234 3066 299 3121 tum
322 3067 397 3122 erat.
458 3057 573 3117 Postea
599 3061 700 3115 autem
727 3050 882 3116 excultior
902 3051 1062 3117 hominum
1089 3054 1152 3119 vita
1178 3057 1293 3131 severi·

236 3152 330 3207 tatem
353 3139 542 3223 antiquitatis
565 3137 716 3221 mitigavit
742 3136 915 3203 lenioribus
945 3139 1092 3204 institutis
1119 3149 1150 3204 et
1171 3141 1295 3227 legibus

236 3250 352 3316 easque
373 3222 507 3293 valuisse
530 3223 646 3309 ubique
668 3233 809 3309 tempore
831 3226 981 3345 oratoris,
1010 3225 1088 3290 haec
1109 3227 1175 3291 eius
1197 3227 1297 3294 verba

235 3385 434 3395 ”ffl-

302 3481 334 3545 1)
368 3479 396 3529 Iu
420 3478 519 3543 epistol.
544 3477 615 3530 Deru.
639 3494 666 3544 p.
690 3480 765 3534 1477.
785 3480 818 3533 10
836 3495 889 3548 sqq.
922 3479 956 3532 cf.
976 3486 1108 3547 praeterea
1132 3478 1199 3547 ling.
1223 3479 1295 3533 Grot

233 3547 268 3598 de
291 3547 338 3597 inr.
357 3546 384 3598 b.
405 3554 430 3597 et
447 3562 476 3613 p.
491 3545 521 3601 ΙΙ.
542 3561 563 3597 ο.
583 3547 625 3598 21.
644 3563 671 3613 p.
689 3549 740 3601 575
758 3564 813 3615 sqq.

301 3629 775 3696 Dcmmpffihm

302 3721 1293 3792 ffipffissmffiwmpmvfflmew.

233 3792 321 3845 Leocr.
347 3807 374 3858 p.
391 3792 450 3846 229.
475 3795 502 3842 οἱ
522 3794 568 3858 μὲν
590 3789 639 3860 γὰρ
656 3791 739 3860 φόνου
767 3793 900 3861 φεύγοντες
915 3793 939 3849 ἐς
957 3792 1040 3861 ἑτέραν
1057 3791 1130 3842 πόλιν
1146 3788 1296 3858 pecucunia·

233 3878 274 3916 τες
291 3854 336 3910 οὐκ
354 3863 455 3923 ἔχουσιν
472 3854 584 3926 ἐχθροὺς
600 3860 661 3917 τοῦς
677 3855 878 3928 ὑποδεξαμένους
894 3879 917 3911 κ.
934 3878 958 3911 τ.
974 3860 996 3910 λ.
1031 3859 1173 3928 Peregrino
1191 3859 1235 3928 qni
1249 3861 1298 3913 in·
1387 3870 1388 3911 ζ

235 3925 332 3978 dicium
350 3925 465 3994 effugere
483 3924 549 3990 vult,
566 3924 631 3977 licet
648 3927 752 3993 domum
769 3926 854 3981 redire
871 3943 896 3980 v.
914 3924 1017 3982 Andoe.
1036 3928 1070 3981 de
1085 3936 1162 3998 myn-
1178 3944 1205 3996 p.
1222 3931 1248 3985 4.
1272 3942 1274 3945 ’
1387 3936 1388 3993 s

304 4009 336 4075 4)
372 4010 389 4060 l.
409 4022 431 4059 c.
450 4023 476 4073 p.
494 4007 553 4061 2⁰2.
