2788 4422
536 350 577 369 ·-
622 319 750 387 43,-

116 499 216 557 aute'm
237 486 445 565 verecundia,
473 505 565 571 quarn
593 507 715 573 semper
736 485 847 572 religio
879 495 997 567 tuetur,
1026 509 1093 554 nou
1120 512 1173 555 ex·

115 578 228 661 stincta
249 571 422 641 ulciscendi
443 570 604 637 libidinem
628 572 772 647 omnibus
795 577 891 641 sacris
905 576 1045 641 coerceri
1059 574 1174 645 debere
1250 570 1253 577 ’

113 685 172 729 nec
197 663 265 739 siue
291 681 401 745 magua
429 658 587 743 impietate
608 681 673 724 nou
695 660 821 746 reprimi
850 683 970 741 omncs,
997 663 1174 813 quicunque

114 751 200 837 pium
223 749 356 812 animum
384 746 564 823 servabant,
601 745 764 811 ducerent:
797 759 829 812 et
853 750 974 813 rariora
1022 749 1116 815 ebant
1142 757 1174 815 et

115 837 251 901 fortasse
282 835 418 918 ingenuo
451 831 578 896 bomine
611 831 739 915 indigua
769 830 875 899 habita
905 856 943 898 ea
979 843 1079 899 aetate
1113 839 1174 919 qua

115 923 303 988 Graecorum
327 919 517 985 domesticae
538 941 589 985 res
617 927 650 984 et
676 918 799 1002 legibus
825 929 857 991 et
887 919 1044 1006 probitate
1073 919 1173 984 homi·

116 1028 190 1071 num
212 1009 345 1072 maxime
366 1005 538 1081 florebant,
572 1026 671 1090 paene
693 1010 725 1069 in
753 1005 946 1071 oblivionem
974 1005 1173 1084 ducebantur,

115 1104 303 1158 tumentem
327 1113 420 1178 quum
450 1091 583 1175 quisque
610 1092 781 1155 communis
812 1092 920 1156 salutis
947 1092 1173 1176 negligentissi-

65 1193 72 1208 '
113 1202 182 1243 mus
205 1179 283 1241 nihil
305 1176 459 1262 antiquins
481 1175 611 1240 haberet
639 1198 729 1263 quarn
758 1188 791 1241 ut
818 1201 904 1241 suam
931 1178 1024 1242 vitam
1053 1177 1173 1241 incolu-

113 1286 194 1328 mem
216 1262 375 1342 redderet,
399 1270 430 1327 et
452 1260 578 1348 quaudo
589 1263 755 1348 urgebatur
772 1263 810 1328 ab
831 1263 1027 1343 adversariis,
1043 1264 1174 1350 patriam

115 1351 183 1415 sine
204 1350 340 1414 honesto
364 1348 440 1414 boni
463 1349 539 1412 civis
567 1346 680 1413 dolore
706 1350 740 1412 in
764 1350 917 1436 reliquum
944 1350 1024 1415 vitae
1051 1360 1173 1436 tempus

113 1436 314 1521 relinqueret,
336 1435 426 1520 quasi
448 1431 546 1498 effusa
568 1433 769 1500 effloruerunt
791 1435 883 1499 etad
905 1457 1045 1519 magnam
1067 1446 1173 1499 aucto·
1248 1501 1251 1506 ,

112 1524 233 1587 ritatem
255 1530 404 1607 prouecta
426 1527 497 1582 sunt
520 1520 610 1583 simul
633 1521 862 1605 antiquissimae
885 1521 1054 1587 sanctitatis
1077 1532 1108 1587 et
1123 1542 1173 1585 ve·

112 1606 280 1673 racundiae
318 1602 514 1671 admirabilia
551 1615 751 1673 monumenta
789 1606 882 1673 simul
922 1608 1174 1694 corruptissimae

114 1694 222 1759 aetatis
245 1691 422 1780 perniciosa
444 1691 565 1759 solatia.

200 1776 296 1866 Atqui
318 1800 383 1844 uon
402 1779 556 1864 potuisset
577 1778 659 1856 ficri,
691 1787 724 1842 ut
746 1777 791 1841 sic
818 1788 1032 1843 renasceretur
1058 1780 1174 1844 iustitu-

113 1872 194 1948 tum,
216 1866 277 1930 nisi
299 1887 399 1930 nexus
422 1866 597 1952 antiquiora
618 1874 649 1929 et
671 1865 790 1930 seriora
810 1865 893 1930 iuter
922 1887 956 1931 se
984 1867 1173 1954 copulasset.

113 1953 157 2017 Et
177 1973 253 2016 vero
277 1951 391 2017 accidit
410 1951 495 2018 hand
519 1951 627 2032 dubie,
662 1960 695 2016 ut
719 1952 779 2032 uiri
798 1952 924 2036 ingenui
953 1953 1004 2018 vel
1031 1954 1111 2018 adeo
1141 1953 1174 2016 in

113 2038 240 2105 summis
272 2039 365 2103 rebus
397 2039 512 2103 versati
543 2039 636 2103 etiam
657 2037 690 2101 iu
719 2038 865 2101 secundis
895 2039 1045 2104 Graeciae
1079 2039 1175 2105 rebus

113 2125 201 2208 asyla
227 2134 418 2212 quaererent.
447 2134 478 2189 at
504 2146 587 2190 raro.
616 2123 660 2187 ibi
689 2143 822 2208 namque
849 2122 1080 2209 desperandum
1108 2133 1176 2188 erat

66 2259 69 2263 .
114 2208 154 2276 de
186 2211 398 2293 recuperanda
424 2210 540 2294 gloria,
571 2211 709 2286 fortuna,
742 2207 905 2292 dignitate,
943 2218 973 2272 et
999 2210 1175 2295 quicunque

112 2295 300 2374 Alcibiadis,
323 2305 357 2359 ut
378 2293 524 2378 exemplo
548 2303 629 2371 utar,
657 2292 774 2358 similes
797 2300 901 2371 erant,
924 2293 1017 2359 vitam
1040 2317 1058 2358 a
1080 2295 1174 2360 bonis

112 2381 266 2468 malisque
292 2379 411 2466 patriae
439 2380 592 2444 seclusam
619 2379 741 2462 gravius
771 2378 929 2460 tulissent,
963 2403 1055 2468 qnam
1082 2391 1115 2446 ut
1142 2381 1175 2445 iu

114 2468 203 2548 asyla
225 2470 437 2553 confugerent.
484 2467 533 2531 Eo
556 2465 745 2551 frequentius
772 2465 920 2553 patebant
948 2468 1046 2531 servis
1073 2468 1177 2554 iisque

86 2554 281 2640 'praecipue
303 2553 445 2641 perfugio
474 2574 543 2617 esso
570 2557 718 2638 oportere
745 2573 808 2638 quo
836 2552 932 2637 magis
962 2554 1070 2617 eornm
1103 2572 1176 2619 sors

112 2641 286 2721 levabatur,
321 2662 360 2705 eo
388 2638 502 2704 certius
527 2634 706 2704 homiuibus
733 2638 914 2724 persuasum
937 2650 1010 2708 erat.
1065 2640 1175 2727 Itaque

112 2749 172 2790 uec
193 2727 302 2791 mirum
324 2726 461 2806 videtur,
496 2724 672 2812 antiquiora
693 2725 782 2806 asyla
802 2726 983 2812 saepissime
1012 2726 1045 2793 in
1066 2749 1176 2803 eorum

113 2814 241 2898 gratiam
263 2814 416 2898 patefecta
437 2814 575 2900 reperiri,
597 2833 656 2877 nec
678 2809 810 2879 offendit
831 2834 902 2894 nos,
926 2813 1013 2901 quod
1036 2814 1067 2877 iu
1085 2813 1176 2896 asyla

113 2900 172 2965 sub
205 2899 335 2966 Tiberio
373 2898 519 2965 florentia
557 2901 638 2966 servi
672 2899 757 2965 haud
792 2901 883 2988 pauci
921 2901 1064 2966 videntur
1101 2921 1175 2964 con·

112 2985 240 3069 fugisse.

201 3071 261 3135 His
283 3070 462 3155 praemissis
485 3079 516 3133 et
526 3071 698 3134 Pausaniae
718 3071 819 3148 locus,
843 3070 909 3137 sive
933 3076 1041 3147 ἱκέτας
1062 3071 1175 3137 scribis

113 3156 181 3222 siv‘e
203 3159 338 3234 alaisae,
361 3160 467 3220 rerum
488 3155 547 3220 tibi
568 3155 725 3223 ridebitur
744 3155 882 3220 iudicare
897 3157 1019 3234 asylum
1042 3165 1073 3217 et
1096 3177 1175 3240 quae

113 3253 275 3328 praeterea
297 3240 456 3305 afferenda
477 3251 549 3306 sunt
571 3244 757 3326 scriptorum
780 3241 957 3307 testimonia
978 3239 1174 3326 exploratius

114 3327 352 3415 perspicientur.
396 3325 633 3391 Atheniensium
656 3344 736 3412 quae
762 3322 877 3389 fuerint
903 3325 992 3408 asyla
1017 3326 1174 3412 inquiren·

113 3415 199 3481 tibus
221 3413 315 3478 nobis
342 3409 474 3498 primum
502 3411 658 3477 Theseum
689 3410 854 3491 succurrit,
891 3411 980 3497 qnod
1013 3435 1174 3480 serrorum

112 3500 286 3587 perfugium
311 3498 408 3564 fuisse
435 3508 530 3564 testes
561 3498 734 3583 gravissimi
760 3497 840 3562 inter
868 3520 902 3564 se
934 3501 1123 3568 conveniunt
1136 3502 1173 3580 ¹).

184 3753 212 3819 l)
229 3752 358 3820 Arisuph.
377 3753 443 3821 Equ.
463 3753 530 3806 1324
547 3752 601 3804 lnv.
619 3744 652 3819 ἢν
669 3743 693 3804 d'
711 3745 802 3824 ‹iptoap
820 3755 890 3809 ταῦτ’
908 3759 1056 3823 Αθηναίοις
1073 3754 1174 3820 uaequ-
1275 3796 1280 3801 ,

113 3830 166 3876 θαι
183 3841 230 3890 μοι
247 3824 317 3874 δοκεῖ
334 3827 383 3881 Εἰς
399 3818 431 3873 τὰ
450 3825 562 3888 Θησεῖον
579 3817 717 3880 abactionem
734 3815 754 3889 ai
770 3814 809 3877 'ul
826 3826 876 3875 cciv
894 3826 1006 3894 Σεμνῶν
1023 3823 1103 3876 θεῶν.
1138 3821 1171 3878 cf.

111 3891 209 3945 schol:
239 3890 354 3942 inscide
372 3894 399 3942 oi
415 3887 613 3960 καταφεύγοντες
630 3889 681 3943 ταῖν
697 3890 801 3942 ulmaria
819 3885 926 3945 ἀσυλίαν
943 3895 1022 3972 algor·
1054 3889 1127 3943 snit.
1145 3906 1173 3942 r.

114 3965 235 4028 quetov.
253 3960 290 4015 tle
312 3956 361 4029 γὰρ
382 3959 464 4010 ταῦτα
486 3954 520 4013 ad
542 3955 600 4030 aad
620 3961 648 4010 οἱ
669 3961 765 4013 οἰκέται
788 3957 935 4029 καθήμενοι
960 3959 1067 4010 noviler
1094 3961 1173 4025 εἶχον.

113 4029 149 4080 cl.
168 4026 261 4084 Bernh.
281 4027 323 4079 ad.
343 4027 369 4081 b.
387 4026 404 4080 Ι.
440 4027 523 4081 Etiam
541 4028 584 4082 bic
602 4028 697 4097 legitur
714 4032 856 4093 talccrsat
871 4031 963 4081 οἰκέται
979 4027 1172 4081 rescribendum
