2788 4422
508 311 718 375 ..27-

93 483 216 551 oraculo
240 481 412 570 quaeritur,
442 480 518 568 quid
540 479 734 549 statuendum
756 479 807 548 sit.
857 481 951 551 Cuius
973 485 1018 549 rei
1040 504 1142 551 exem·

90 571 172 657 plum
213 567 489 637 luculentissimum
527 567 662 649 Pactyae
700 588 793 633 causa
828 568 1007 656 suppeditat
1019 571 1058 650 ¹).
1111 572 1142 637 ls

91 658 169 724 enim
192 677 286 742 quum
309 654 384 736 Cyri
409 674 518 721 manns
547 651 720 739 effugisset,
753 655 872 735 Cymen
900 657 1044 743 appetiit,
1081 657 1142 738 cy·

90 744 168 811 maci
190 752 292 809 autem
314 740 436 822 aCyro
458 761 517 826 sup
540 740 631 805 licem
653 739 775 805 tradere
797 742 873 806 iussi
895 744 924 807 ei
937 743 1142 810 obsecuturos

91 853 125 897 sc
159 850 230 895 esse
264 837 469 913 negaverunt,
530 847 609 893 onec
644 825 764 893 oraculi
797 847 985 913 responsum
1017 830 1141 896 scirent.

91 916 156 983 Iam
177 935 253 980 vero
274 934 367 1001 quum
390 915 467 981 deus
494 912 527 979 in
554 912 631 994 Cyri
658 912 787 997 gratiam
813 933 862 978 res
887 913 1042 995 ondisset,
1074 915 1144 979 Ari·

19 1030 27 1050 ι
89 1000 229 1067 stodieus
252 1022 291 1069 au
319 1002 432 1067 iustum
458 999 687 1085 honestumque
714 1007 797 1065 esset
822 935 1021 1067 rebemcnter
1046 999 1143 1067 addu-

89 1087 189 1153 bitans
211 1087 313 1173 ipsee
333 1085 394 1151 dec
418 1084 550 1169 quaerit:
574 1073 690 1162 ὦ”ναξ
712 1075 800 1162 ἦλθε
821 1085 894 1169 παρ’
918 1084 1018 1170 ἡμέας
1040 1090 1146 1166 ἱκέτης

87 1173 238 1249 Πακτύης
260 1171 278 1237 ὁ
299 1168 416 1245 Λυδὸς
437 1166 568 1252 φεύγων
589 1167 741 1235 θάνατον
762 1170 872 1251 βίαιον
894 1167 976 1257 πρὸς
989 1175 1146 1257 Περσέων

89 1263 119 1323 οἱ
141 1257 176 1321 δὲ
198 1278 255 1339 μιν
278 1256 472 1336 ἐξαιτέονται
493 1262 640 1340 προεῖναι
660 1252 839 1332 κελεύοντες
852 1256 1033 1341 Κυμαίους.
1055 1258 1146 1342 ἡμεῖς

89 1344 125 1409 δὲ
146 1376 165 1393 -
187 1378 209 1393 -
230 1336 288 1407 τὸν
311 1344 418 1419 ἱκέτην
440 1337 477 1409 οὐ
498 1337 737 1423 τετολμήκαμεν
758 1341 922 1405 ἐκδιδόναι
942 1345 1019 1425 πρὶν
1041 1340 1083 1408 ἀν
1104 1342 1142 1409 τὸ

11 1476 13 1485 .
86 1426 155 1493 ἀπὸ
178 1427 234 1492 σεῦ
255 1425 335 1508 ἡμῖν
356 1425 495 1512 δηλωθῇ
513 1423 666 1507 ἀτρεκέως
687 1422 827 1508 ὁκότερα
849 1431 1012 1508 ποιέωμεν.
1056 1429 1144 1493 Deus

87 1523 188 1579 antem
215 1510 277 1576 sibi
304 1511 427 1595 egregie
458 1518 583 1575 constat
611 1517 643 1576 at
674 1531 770 1595 quum
802 1510 1001 1578 Aristodicus
1035 1535 1144 1580 omnes

86 1620 170 1678 aves,
194 1606 394 1685 quotcunque
414 1595 587 1680 intemplo
609 1594 702 1663 nidos
725 1616 800 1661 snos
821 1604 1068 1679 construxerant,
1091 1621 1144 1665 ex·

85 1684 235 1773 pelleret,
270 1685 467 1749 vehementer
497 1683 593 1748 iratus
622 1682 772 1748 nefarium
798 1683 948 1749 cohibere
976 1686 1050 1754 vult.
1103 1687 1146 1752 nt

85 1770 285 1839 Aristodicus
308 1793 342 1836 se
363 1770 475 1837 iecisse
496 1769 557 1848 ait,
580 1768 666 1856 quod
689 1767 766 1834 deus
783 1768 938 1850 Cymaeus
960 1770 1062 1837 facere
1083 1772 1144 1837 ius·

85 1858 189 1928 sisset.
233 1860 302 1925 Ναὶ
323 1855 456 1935 κελεόω,
489 1856 589 1942 inquit
615 1854 693 1922 deus
715 1855 899 1923 exsultantis
927 1857 1064 1924 hominis
1084 1857 1146 1924 cal·

85 1942 239 2009 liditatem
270 1942 403 2011 moleste
438 1943 556 2024 serens,
598 1947 655 2008 ἴνα
690 1965 726 2027 ys
760 1938 978 2026 ἀσεβήσαντες
1009 1946 1146 2011 θᾶσσον

86 2025 283 2115 ἀπόλησθε,
310 2028 352 2107 ὡς
373 2026 419 2114 μὴ
441 2024 598 2094 τολοιπόν
619 2030 690 2109 περὶ
713 2032 838 2094 ἱκετέων
860 2028 1003 2107 ἐκδόσιος
1024 2033 1145 2109 ἔλθητε

86 2117 139 2181 ἐπὶ
161 2111 198 2179 τό
219 2113 421 2200 χρηστήριον.
465 2115 530 2181 Iam
559 2112 686 2197 Cymaei
712 2113 838 2200 ancipiti
860 2136 953 2181 causa
973 2117 1146 2202 perturbati

85 2200 261 2286 supplicem
283 2201 461 2282 Mytilenen
484 2202 621 2275 mittunt,
647 2197 731 2263 unde
758 2221 851 2283 quum
873 2222 943 2264 eum
964 2201 1005 2265 ab
1031 2199 1145 2265 incolis

83 2286 248 2373 proditum
280 2287 319 2350 iri
349 2286 511 2362 sentirent,
551 2282 774 2349 traducendum
806 2293 989 2349 curaverunt
1022 2284 1144 2367 Chium,

85 2371 144 2437 ubi
169 2369 265 2456 paulo
296 2378 372 2456 post
403 2391 421 2434 e
454 2368 529 2457 iano
558 2367 721 2434 Minervae
749 2367 891 2434 Polluchi
916 2370 1064 2458 abreptus
1087 2382 1143 2442 est.

84 2455 180 2523 Unde
201 2466 319 2522 tantum
341 2456 430 2521 abest
450 2464 484 2519 ut
505 2454 726 2540 intelligamus,
758 2455 929 2521 insontium
953 2468 1071 2524 tantum
1092 2457 1144 2523 de·

85 2543 239 2609 ditionem
264 2542 451 2629 piacularem
478 2543 576 2607 visam
602 2562 672 2606 esse
699 2541 828 2607 Graecis
839 2540 883 2622 ²),
917 2551 950 2607 ut
976 2542 1145 2624 videamus,

85 2629 349 2716 quemadmodum
371 2627 482 2712 religio
511 2627 650 2714 quemvis
678 2626 848 2714 supplicem
871 2637 1017 2715 qnantum
1043 2629 1147 2717 potnit

84 2717 155 2782 fieri
177 2716 285 2781 tuendi
307 2717 412 2780 innata
438 2715 531 2780 inerit
558 2712 688 2780 Graecis
714 2724 806 2799 atque
833 2715 1000 2801 antiquitus
1027 2725 1145 2796 sancta,
1234 2746 1239 2755 ·

84 2812 153 2868 tum
175 2799 304 2867 demum,
320 2812 351 2869 ct
372 2802 413 2865 ex
433 2802 522 2866 iustis
545 2814 577 2868 et
591 2822 632 2866 ex
645 2799 767 2866 iniustis
783 2803 883 2868 canus
896 2801 1082 2871 labefactata
1097 2803 1145 2872 sit

84 2887 172 2954 Nam
204 2886 336 2970 Pactyas
363 2907 428 2952 non
456 2897 523 2954 erat
547 2894 671 2970 insons,
705 2887 762 2954 sed
789 2887 891 2970 Cyrus
923 2911 1008 2969 cunr,
1045 2891 1098 2975 qui
1127 2912 1146 2954 a

85 2995 123 3038 se
157 2972 326 3054 deiecerat,
359 2976 478 3060 optimo
511 2976 582 3041 inre
608 2973 869 3062 persequebatur,
904 2975 1063 3040 oraculum
1092 2995 1145 3039 an·

82 3069 165 3137 tem,
198 3059 286 3143 quod
313 3062 419 3125 nescio
439 3061 561 3146 quibus
588 3071 762 3145 permotum
789 3060 882 3125 rebus
904 3060 970 3125 iam
986 3071 1077 3126 antea
1097 3081 1144 3125 re·

84 3142 262 3230 sponderat
283 3145 454 3233 supplicem
475 3167 546 3211 csse
568 3144 754 3226 dedendum,
777 3153 841 3209 tum
863 3155 946 3209 certe
967 3141 1145 3222 ἀσεβήσαν·

83 3236 227 3304 τας“εοε
250 3229 345 3310 dixit,
369 3232 422 3316 qui
446 3232 592 3310 Pactyam
614 3231 766 3314 perdituri
786 3238 906 3304 essent,
935 3246 974 3290 eo
998 3226 1144 3293 dedendo

84 3323 207 3381 tantum
229 3314 348 3377 facinus
371 3317 526 3393 Cymaeos
549 3315 580 3374 in
603 3334 638 3375 se
664 3309 856 3375 admissuros
879 3333 949 3376 esse
969 3322 1081 3395 ratum,
1111 3324 1146 3380 ut

84 3400 152 3488 ipsi
171 3398 302 3503 perituri
317 3407 431 3499 essent.
477 3397 574 3475 Quod
595 3397 669 3462 satis
692 3395 843 3497 probatur
865 3419 946 3479 cina,
970 3422 1061 3488 quam
1075 3401 1146 3468 Chii

85 3485 131 3552 ad
159 3485 307 3570 ἀσεβείας
331 3485 486 3572 piaculum
513 3482 720 3589 amovendum
754 3481 960 3568 adhibebant,
993 3486 1144 3580 quidquid

160 3782 201 3846 1).
222 3797 246 3833 v.
265 3781 362 3836 Herod.
379 3781 400 3834 1.
421 3783 472 3839 159
488 3794 545 3852 sqq.
579 3782 615 3840 cl,
631 3781 707 3837 Paua.
725 3780 769 3835 lv.
787 3781 828 3840 35.
845 3783 870 3838 6.

158 3881 189 3946 2)
223 3883 261 3935 lta
282 3883 381 3936 iudicat
401 3882 602 3941 Schoemannus.
629 3883 647 3935 l.
670 3899 694 3937 c.
730 3881 824 3937 Contra
847 3899 913 3952 qnae
938 3877 1145 3934 Wachsnmtbins

85 3952 116 4001 in
134 3951 279 4003 nniversam
296 3952 373 4019 dicit,
390 3951 590 4023 „duelielemng
607 3954 679 4006 eines
695 3950 824 4020 lldctlings
843 3951 915 4001 ward
938 3964 990 4002 von
1008 3953 1145 4004 maanus·

87 4033 144 4086 gen
162 4035 191 4074 so
209 4027 255 4090 gut
271 4020 324 4075 wie
341 4021 385 4074 nie
403 4023 501 4092 genbt“
518 4023 551 4077 ad
569 4027 656 4077 sontes
673 4037 776 4089 quoquc
792 4017 930 4071 referenda
948 4023 1014 4077 aaut,
