2788 4422
638 280 877 367 '-ao-

239 468 342 537 verbis
364 469 567 537 violationem
589 488 748 537 sacrorum
770 468 867 535 caede
887 456 1096 555 perpetranda
1120 479 1217 556 vetat3
1250 481 1299 538 ost

239 555 321 622 enim
341 556 434 623 haec:
457 555 557 631 ἄλλος
578 562 637 631 (sc.
656 553 773 638 νόμος)
798 555 915 619 ἐκέλευε
936 555 997 622 τὸν
1019 564 1054 623 ἐν
1076 557 1150 641 ἱερῷ
1170 581 1221 633 τις
1241 581 1298 621 κα-

238 637 391 721 ταλαβὼν
417 639 564 729 φυγόντα
596 639 757 705 ἀπέκτεινε
786 643 840 706 καὶ
861 642 1006 724 κρίνεται
1037 638 1079 717 ὥς
1111 641 1233 724 ἀσεβής
1265 652 1299 708 et

238 726 409 793 scholiasta
430 724 471 793 de
491 727 545 805 iis,
569 728 622 814 qui
645 724 798 809 Cylonios
819 724 1025 807 trucidarunt,
1047 729 1206 806 narrat¹):
1243 727 1324 803 οὓς·

238 817 294 881 καὶ
325 812 478 896 ἐξέβαλον
505 814 564 892 τῆς
592 809 715 888 πόλεως
741 809 794 881 ὅτι
821 818 855 877 ἐκ
882 814 946 878 τῶν
971 811 1115 898 ἀρχαίων
1145 813 1257 896 νόμων
1265 814 1298 897 ²)

238 899 436 985 περιέβησαν
466 898 543 975 τοὺς
574 904 680 975 ἱκέτας
716 893 945 983 φονεύσαντες.
996 900 1118 977 Quibus
1152 901 1298 966 omnibus

239 1007 333 1072 quum
355 983 396 1049 de
418 985 514 1051 caede
544 993 660 1049 tantum
686 983 720 1048 in
747 1004 838 1050 sacro
865 986 1032 1053 commissa
1059 986 1175 1073 quippe
1204 1006 1298 1072 quam

214 1114 216 1123 ,
238 1071 324 1136 nulla
345 1091 480 1157 unquam
501 1070 636 1150 ratione,
664 1070 786 1137 etiamsi
807 1072 840 1139 iu
862 1071 1026 1139 scelestum
1052 1081 1228 1160 perpetrata
1252 1093 1300 1135 ea-

238 1168 296 1237 set,
319 1158 501 1243 permissam
522 1179 592 1224 esse
615 1158 717 1244 putari
737 1159 854 1244 possit,
882 1179 941 1247 nec
962 1182 1038 1227 vero
1062 1158 1103 1227 de
1124 1155 1299 1242 obripiendi

240 1267 258 1308 a
285 1266 376 1311 sacro
411 1255 518 1329 agatur
546 1244 689 1322 licentia,
724 1255 756 1309 et
786 1265 879 1332 quum
906 1242 1025 1328 νόμος,
1060 1267 1153 1331 quem
1179 1245 1296 1322 dicunt,

239 1329 430 1412 saepissime,
452 1339 485 1391 ut
506 1340 614 1391 notum
637 1340 694 1405 est,
718 1352 783 1394 non
806 1330 905 1412 legem
929 1332 1021 1397 certis
1043 1331 1148 1397 verbis
1170 1331 1298 1394 circum·

238 1415 383 1498 scriptam
405 1409 463 1475 sed
485 1409 743 1475 consuetudinum
764 1432 948 1496 morumque
975 1415 1159 1496 religionem
1181 1412 1297 1494 signifi-

238 1507 302 1578 cet,
327 1498 370 1562 uti
393 1496 518 1584 quidem
544 1496 682 1577 haesito,
719 1505 822 1563 tamen
843 1498 877 1561 in
898 1518 968 1563 eum
996 1498 1049 1586 qui
1076 1519 1096 1563 a
1121 1517 1212 1563 sacro
1240 1496 1295 1562 ali-

239 1606 330 1671 quem
352 1582 507 1650 vindiotae
530 1582 703 1648 obnoxium
726 1583 917 1669 abripuerat,
948 1579 1100 1668 ἀσεβείας
1131 1583 1254 1648 actione
1265 1582 1296 1658 a)

239 1671 378 1752 potuisse
400 1670 603 1736 animadverti
625 1690 691 1735 non
719 1668 822 1735 audeo
851 1689 973 1754 negare.
1031 1671 1133 1747 Quam
1161 1690 1229 1736 rem
1251 1667 1296 1735 fa·
1382 1662 1384 1685 ¹

240 1778 312 1822 cere
333 1779 398 1821 non
421 1778 550 1842 possum
573 1757 648 1842 quin
669 1758 817 1821 incertam
838 1755 1022 1841 relinquam.

325 1843 415 1919 Quae
435 1840 537 1905 adhue
559 1841 799 1927 disputavimus,
830 1841 870 1907 ad
892 1863 962 1907 eum
984 1850 1103 1908 tantum
1129 1840 1297 1926 pertinent,

239 1926 290 2014 qui
313 1927 346 1991 iu
368 1925 477 1991 eadem
498 1935 591 2008 terra,
614 1927 668 1992 ubi
688 1926 809 1995 facinus
831 1929 995 2008 commisit,
1018 1949 1037 1992 e
1058 1926 1209 2014 supplicis
1230 1926 1298 2021 lurp

238 2013 367 2079 salutem
400 2012 561 2099 quaesivit.
620 2012 707 2091 Quid
734 2015 854 2081 autem?
898 2014 1016 2081 Nonne
1044 2015 1089 2094 ei,
1120 2013 1174 2099 qui
1202 2033 1300 2099 quum
1383 2020 1384 2059 ἓ

240 2099 332 2184 culpa
354 2097 458 2185 aliqua
480 2107 624 2185 suscepta
646 2122 664 2164 e
686 2101 787 2186 patria
808 2102 953 2180 excessit,
976 2100 1037 2167 alia
1057 2098 1208 2167 terraluit
1227 2118 1298 2182 per·

238 2185 374 2271 sugium?
418 2186 501 2253 Satis
530 2185 655 2273 quidem
680 2197 789 2255 notum
816 2197 877 2265 est,
905 2186 1126 2273 antiquissimis
1148 2182 1298 2269 tempori·

237 2271 295 2337 bus
311 2274 450 2338 Graecos
472 2271 523 2340 vel
545 2273 664 2359 privata
690 2274 839 2361 principis
861 2273 1074 2360 hospitalitate
1094 2270 1145 2336 vel
1167 2270 1298 2357 publico

236 2357 376 2441 hospitio
400 2359 562 2504 excepisse
584 2361 766 2441 peregrinos
790 2361 843 2441 qui
870 2370 999 2442 propter
1022 2356 1151 2442 aliquod
1179 2377 1298 2444 pecca·

237 2451 300 2508 tum
322 2441 422 2528 patria
444 2462 478 2507 re
491 2440 552 2506 icta
574 2450 701 2507 exteros
722 2441 911 2528 praesidium
933 2442 1159 2526 flagitatum).
1206 2442 1298 2518 Quae

235 2527 366 2613 hospitii
388 2525 513 2594 vincula
533 2526 618 2593 haud
643 2527 737 2594 dubie
760 2537 822 2593 tam
843 2527 931 2593 firma
953 2527 1093 2608 fuerunt,
1127 2536 1161 2592 nt
1182 2528 1297 2614 turpis-
1328 2562 1349 2591 0

236 2614 346 2678 simum
367 2612 530 2679 duceretur
552 2613 684 2697 benigue
706 2624 870 2699 exceptum
897 2614 1053 2699 hospitem
1079 2613 1160 2678 tradi
1186 2623 1296 2698 postu·
1381 2618 1382 2673 i

235 2698 382 2767 lantibus.
426 2699 471 2763 At
491 2718 531 2764 ne
553 2698 631 2764 haec
675 2700 778 2766 uidem
799 2699 911 2784 religio
927 2718 1050 2784 semper
1069 2699 1137 2785 pari
1157 2699 1299 2763 omnium

236 2806 393 2851 consensu
415 2794 537 2849 servata
559 2794 615 2852 est.
701 2807 746 2853 ox
767 2786 850 2850 euim
872 2786 1062 2851 fluctuabant
1088 2783 1129 2851 de
1151 2807 1189 2851 ea
1214 2805 1297 2871 quo·
1380 2828 1381 2869 ,

236 2890 297 2957 que
318 2890 353 2934 re
374 2869 534 2933 hominnm
556 2869 738 2953 opiniones,
762 2891 868 2935 annon
894 2870 1093 2958 propellendi
1115 2880 1220 2936 essent
1241 2891 1295 2955 pe·

234 2956 363 3041 tegrini,
387 2955 440 3043 qui
462 2964 497 3021 ut
518 2953 706 3020 dederentur
728 2968 874 3043 posceret
896 2957 993 3023 altera
1014 2956 1136 3042 eivitas3
1171 2957 1232 3022 iam
1254 2976 1296 3020 ex

235 3109 436 3121 n———nn

302 3194 331 3260 1)
366 3193 399 3245 ad
417 3191 492 3249 Arist.
510 3161 620 3261 Equsv.
638 3192 688 3247 447
708 3193 749 3244 etl.
766 3195 821 3247 lm.
1379 3190 1380 3275 l

301 3280 333 3342 Ἰ)
368 3279 434 3329 Sam.
453 3277 525 3331 Petit.
542 3275 626 3344 (legg.
643 3277 693 3328 hu.
713 3293 739 3343 p.
759 3278 814 3341 16.)
836 3275 915 3328 nimio
935 3282 1024 3342 captus
1042 3274 1126 3328 studio
1148 3284 1175 3329 ut
1197 3282 1293 3327 certum
1378 3326 1379 3335 ,

234 3345 302 3416 lagia
320 3361 453 3397 numerum
472 3352 588 3406 erueret,
616 3344 771 3402 infeliciter,
797 3350 824 3396 ut
841 3345 959 3410 saepius,
987 3344 1056 3396 ἕκτον
1074 3337 1187 3412 ippotae
1208 3342 1294 3411 νόμων
1378 3352 1379 3401 t

235 3415 355 3466 coniecit.
391 3415 462 3467 llaec
478 3415 597 3467 nimirum
615 3415 764 3465 coniectura
786 3413 930 3479 exploditur
952 3427 1009 3463 cum
1031 3420 1137 3478 propter
1152 3413 1233 3477 ipsine
1250 3413 1293 3461 in·
1378 3414 1379 3465 l

235 3488 404 3548 opportunam
423 3492 536 3535 naturam
554 3491 606 3535 tum
624 3489 775 3548 propterea,
797 3480 866 3549 quod
884 3496 969 3549 neque
986 3488 1037 3532 tam
1056 3487 1151 3531 certum
1169 3480 1293 3547 antiquis·
1378 3514 1379 3547 ,

234 3551 355 3602 simiarum
373 3547 460 3620 legum
477 3566 610 3602 numerum
628 3551 709 3604 luisse
725 3550 768 3602 vel
786 3551 862 3603 etiam
878 3552 938 3604 sciri
955 3549 1085 3617 potuisse,
1103 3563 1188 3615 nequo
1205 3549 1227 3599 si
1244 3564 1294 3602 eo·

235 3618 321 3688 guitur
345 3616 448 3679 luisset,
475 3623 526 3670 tum
550 3635 656 3686 gravem
679 3620 765 3688 legem
789 3635 919 3687 nunquam
940 3625 1074 3685 praeterea
1097 3618 1293 3670 commemorari

233 3686 350 3754 potuisse
371 3687 503 3755 quisquam
528 3687 624 3739 credet.
666 3688 793 3755 luterprca
815 3696 889 3740 vetus
910 3687 1004 3740 eodem
1033 3701 1112 3740 sensu
1138 3686 1171 3739 da
1199 3678 1293 3758 ἄρχαί-

235 3757 378 3875 οἳὲνόμοις
395 3756 520 3823 loquitur,
547 3771 622 3822 quem
640 3770 715 3823 supra
734 3755 802 3822 apud
821 3755 1015 3824 Thucydidem,
1045 3755 1201 3823 Diodorum,
1227 3755 1293 3810 alios
1377 3780 1378 3813 ς

235 3837 252 3873 v
282 3838 356 3876 rmus.

302 3907 331 3971 3)
366 3905 401 3957 ol.
419 3904 506 3961 hleier.
524 3905 542 3956 l.
562 3919 584 3956 c.
601 3921 626 3972 p.
643 3906 702 3961 302.
718 3906 778 3961 sul.
838 3959 843 3967 .

303 3988 333 4052 4)
366 3988 400 4045 ol.
418 3988 591 4049 Waohsmuth,
610 3991 658 4045 ius.
676 3997 756 4060 paam
772 4007 799 4058 p.
816 3991 860 4048 3⁵.
877 3991 919 4049 dh
936 3990 996 4047 ado.
1013 3993 1040 4049 θ.
