2788 4422
410 318 468 355 ιο.
502 313 539 346 ,σε
600 320 625 338 u
656 285 848 366 ''¹⁸⁸4'ss

439 348 446 365 ⁹
551 371 559 388 τ
632 353 663 370 ⁰
709 352 778 399 ⁹..
835 374 844 387 ι

225 463 333 553 Cyprii
354 484 395 528 ex
416 462 562 528 heroicae
584 463 693 528 aetatis
716 462 921 541 obscuritate,
942 462 1108 543 Smyrnaei
1130 482 1171 526 ex
1193 460 1280 528 iussu
1302 476 1305 482 “
1381 466 1382 533 ³

221 548 403 638 Appollinis
425 549 468 612 ita
489 546 626 613 utTenii
648 548 764 614 ducunt
785 547 883 630 asyla.
928 546 1051 625 Quibus
1072 546 1189 613 iuribus
1211 568 1279 634 per·

223 636 337 722 spectis
367 632 526 715 asylorum
559 655 703 699 numerus
738 634 818 699 sicut
850 655 908 720 par
942 642 1006 698 erat
1038 630 1184 698 reductus
1222 642 1278 699 est.

223 723 326 799 Quum
348 720 480 803 imperio
502 719 646 784 Romano
669 720 824 784 Asiaticae
845 724 937 784 urbes
960 718 1142 784 subiunctas
1164 727 1279 799 essent,

221 806 319 871 modo
346 805 538 871 tribuebatur
565 827 627 869 una
655 827 723 869 cum
758 805 827 869 aliis
854 805 1028 870 honoribus
1055 804 1140 869 velut
1168 803 1280 888 princi·

245 902 309 965 atu,
331 900 516 968 neocoratu,
539 891 744 969 immunitate,
768 891 918 955 societate
929 890 973 968 ¹),
996 890 1093 954 modo
1117 888 1279 953 confirma·

221 913 312 1042 batur
344 978 393 1041 ius
407 978 462 1055 ²),
485 975 632 1040 tributum
664 987 764 1040 autem
786 976 1003 1061 postulabatur
1034 998 1052 1040 a
1085 974 1280 1038 Proconsule

137 1146 140 1149 1
223 1062 349 1150 quando
371 1061 489 1128 libebat
511 1061 551 1125 ad
580 1061 868 1144 recognoscendum
881 1064 918 1138 ³).
976 1060 1144 1138 Quodnam
1171 1060 1279 1123 harum

223 1150 379 1213 civitatum
402 1146 595 1234 privilegium
617 1147 722 1227 luerit,
746 1149 832 1211 cuius
854 1144 1059 1231 integritatem
1081 1156 1143 1211 tam
1167 1166 1279 1229 magno

222 1235 327 1319 studio
350 1253 402 1297 eas
425 1242 603 1318 persecutas
626 1256 696 1298 esse
715 1233 873 1314 videmus,
896 1233 923 1295 si
946 1233 1130 1318 quaerimus,
1151 1232 1279 1296 Tacitus

222 1340 282 1384 nos
319 1319 425 1395 docet,
470 1318 625 1401 completa
660 1341 729 1381 esse
758 1317 847 1397 asyla
885 1317 1029 1402 pessimis
1067 1316 1279 1398 servitiorum,

223 1404 377 1471 obaeratis
399 1424 417 1467 e
438 1402 626 1467 creditorum
648 1401 788 1465 manibus
811 1401 940 1484 elapsis,
963 1401 1038 1484 quin
1060 1401 1153 1462 etiam
1174 1419 1278 1483 suspe-

223 1492 281 1556 ctis
304 1487 489 1574 capitalium.

310 1572 434 1651 Quodsi
456 1571 543 1653 asyla
565 1591 630 1637 non
656 1568 730 1635 talia
751 1578 868 1635 tantum
889 1567 962 1634 fana
986 1577 1074 1649 sunt,
1113 1588 1191 1655 qnae
1213 1586 1279 1632 uon

224 1745 424 1758 ——u-u-

221 1835 306 1884 tonius
324 1832 349 1883 S.
370 1831 398 1886 G,
416 1847 518 1900 quoquc
536 1833 638 1884 tinxisse
656 1831 771 1899 arguitur
788 1847 804 1882 a
824 1829 952 1881 Cicerone
967 1828 1033 1879 Phil.
1052 1827 1087 1891 V,
1119 1830 1144 1880 4.
1187 1831 1213 1880 ln
1231 1827 1280 1878 de-

223 1910 293 1952 creto
320 1899 363 1950 illo
392 1901 471 1952 verba
497 1903 598 1952 maximi
624 1902 746 1951 momenti
774 1901 839 1952 hacc
868 1905 937 1950 sunt:
972 1926 1006 1934 -
1022 1925 1057 1934 -
1072 1892 1104 1947 τὸ
1122 1897 1159 1961 δὲ]
1178 1896 1280 1963 τέμενος

222 1969 288 2027 θεᾶς
308 1961 457 2037 Ἀφροδίτης
480 1974 506 2020 ἰν
528 1967 601 2020 πόλει
631 1971 786 2037 Πλαρασέοιν
814 1970 857 2019 καὶ
875 1961 1278 2094 ,ἈφροδισιίωρννὶερονὲἹστω

1080 2034 1189 2083 aonios.

221 2096 304 2170 ταύτῷ
321 2105 406 2169 δικαίῳ
428 2095 510 2169 andus?
525 2122 552 2153 τε
576 2103 763 2171 δεισιδαιμονίᾳ
784 2098 802 2169 ᾦ
821 2103 909 2167 δικαίη)
927 2103 969 2151 καὶ
988 2094 1004 2170 ᾖ
1027 2101 1231 2167 δειοῑ[ιδαιμονίη
1247 2090 1280 2147 ad

221 2166 432 2240 θεᾶςἘφε]σίας
448 2173 516 2221 ἐστὶν
536 2163 571 2221 ἐν
586 2162 683 2239 Ἐφέσῳ
706 2169 783 2236 κύκλῳ
802 2190 828 2220 τε
847 2173 941 2221 ἐκείνου
958 2167 1007 2217 τοῦ
1024 2168 1095 2235 ἱεροῦ
1113 2170 1162 2216 rius
1179 2171 1281 2233 τέμενος

221 2240 282 2304 elale
301 2236 409 2303 altiori]
425 2235 505 2296 τόπος
524 2232 618 2296 (ἴουλος
637 2242 707 2289 ἴστον.
742 2240 775 2290 ol.
808 2236 933 2291 chishulli
956 2234 1059 2302 Antiqit.
1083 2235 1162 2285 Asiub
1186 2249 1211 2299 p.
1231 2233 1280 2284 161

222 2321 275 2371 seq.
310 2306 457 2355 boeckbius
474 2305 571 2356 titulum
590 2307 622 2356 ad
641 2322 665 2360 a.
684 2307 821 2359 715-719
838 2306 867 2357 U.
887 2322 910 2359 c.
931 2303 1093 2355 referendam
1116 2317 1172 2351 esse
1195 2300 1280 2350 docet.

221 2400 256 2409 --
274 2369 311 2420 De
328 2370 559 2420 Stratonicensibus
581 2373 615 2419 ef.
642 2369 671 2419 G.
689 2371 712 2419 J.
731 2372 758 2420 G.
780 2385 824 2419 no.
843 2371 920 2420 2715.
954 2366 1001 2431 την
1025 2365 1099 2415 πόλιν
1122 2362 1225 2415 ἄνωθεν
1248 2367 1281 2436 τῇ

220 2439 271 2489 τῶν
301 2437 464 2505 προεστώτων
496 2428 575 2500 αι’ντης
598 2439 724 2503 μεγίστων
749 2436 819 2486 θεοῖν
845 2430 921 2499 [Διὸς
945 2433 995 2483 τοῦ
1020 2433 1212 2502 Π]ανημε[ρίσο
1238 2437 1280 2484 καὶ

218 2502 340 2571 ‘Eddana
361 2510 388 2556 tn
408 2502 509 2554 πολλῶν
530 2508 572 2553 καὶ
596 2500 713 2569 μεγάλων
735 2505 777 2553 καὶ
800 2501 912 2564 συνεχῶν
933 2498 1052 2551 κινδύνων
1074 2501 1219 2564 σεσῶσθαι,
1246 2496 1281 2550 δν

220 2577 262 2625 ναὶ
284 2569 317 2622 τοὶ
340 2564 399 2640 ispa}
430 2564 512 2621 ἄσυλα
534 2571 577 2622 καὶ
600 2574 677 2621 ἱκέται
698 2574 741 2621 καὶ
765 2562 821 2639 ἱεραὶ
844 2567 980 2634 σύγκλητος
1004 2562 1113 2636 δόγματι
1136 2568 1282 2634 Σεβαστοῦ

219 2644 357 2707 Καίσαρος
382 2639 435 2702 καὶ]
461 2638 506 2702 τῆς
530 2638 580 2688 τῶν
605 2641 697 2706 κυρίων
720 2632 856 2706 Ῥωμαίων
884 2639 989 2687 αἰωνίου
1016 2627 1097 2705 ἀρχῆς
1126 2633 1279 2702 ἐποιήσαντο

220 2714 360 2777 προφανεῖς
377 2710 505 2775 ἐναργείας
521 2726 543 2756 κ.
561 2726 583 2756 τ.
602 2707 624 2761 l..
670 2703 703 2755 cf.
728 2704 850 2757 Cbisllull.
874 2721 900 2769 p.
922 2705 1042 2772 1628611.
1086 2702 1181 2755 Titulus
1199 2703 1277 2770 paulo

220 2784 279 2827 ante
297 2788 430 2824 censuram
449 2773 564 2835 Patrum,
583 2781 609 2824 ut
626 2773 762 2825 Boecklrio
781 2775 894 2834 videtur,
911 2779 1051 2837 conceptus
1069 2780 1115 2823 est.

289 2860 315 2921 l)
334 2856 399 2907 Vide
426 2872 541 2907 nummos
564 2854 611 2908 sub
633 2853 716 2922 lmpp.
742 2871 834 2920 cusos,
861 2856 895 2906 de
918 2855 1009 2922 quibus
1033 2856 1152 2906 llrausius
1175 2855 1278 2922 egitir

219 2927 285 2980 libro
314 2921 451 2994 Νεοκόρος
473 2926 592 2990 inscripto
619 2926 688 2990 (Lps.
713 2925 791 2990 1844)
817 2940 840 2989 p.
857 2924 894 2979 83
917 2939 968 2990 seq·
1012 2921 1181 2989 Appellantur
1203 2922 1279 2974 urbes

218 2996 371 3077 plerumque
388 2989 490 3062 πρώτη,
518 2989 574 3064 ἱεροὶ
590 2995 632 3044 καὶ
651 2988 758 3057 ἄσυλος,
778 2994 854 3062 φίλη,
883 2989 959 3058 πιστη
977 2994 1019 3043 καὶ
1037 2987 1189 3060 σύμμαχος,
1213 3009 1278 3043 νεω-

218 3082 301 3133 κσρσς.

284 3146 317 3209 2)
335 3140 374 3194 01.
395 3143 458 3208 116,
482 3143 506 3197 4.
530 3143 650 3195 Teiorum
673 3144 772 3209 asylum
798 3144 962 3194 confirmatur
987 3159 1001 3192 a
1025 3141 1147 3195 Romanis
1165 3157 1189 3191 v.
1210 3138 1237 3192 0.
1255 3140 1277 3192 J.

217 3229 261 3265 uo.
278 3213 355 3264 3045.
373 3240 405 3248 -
424 3239 459 3247 -
477 3204 508 3261 οὗ
524 3211 577 3279 μην
595 3206 661 3263 ἄλλα
678 3215 722 3262 καὶ
739 3215 764 3268 ἐξ
784 3204 866 3261 ἄλλων
882 3207 1006 3259 πλειόνων
1028 3214 1191 3276 πεπείσμεθα
1209 3227 1240 3259 σι·
1251 3230 1280 3259 ι-

218 3280 287 3349 φανῆ
302 3280 379 3330 πᾶσιν
398 3283 525 3344 γεγονέναι
543 3275 590 3344 την
606 3275 732 3348 ἡμετέραν
749 3282 784 3335 είς
800 3297 830 3328 το
847 3282 925 3326 θεῖον
942 3280 1087 3345 προτιμίαν.
1110 3271 1151 3327 διὸ
1168 3279 1212 3327 καὶ
1234 3230 1279 3326 δια1

217 3367 244 3398 τε
259 3347 340 3396 ταῦτα
356 3347 399 3396 καὶ
421 3341 464 3395 διδ
480 3341 526 3410 την
544 3342 607 3414 πρὸς
624 3342 691 3414 ὑμᾶς
709 3340 809 3396 εὔνοιαν
830 3347 873 3394 καὶ
892 3339 934 3394 διδ
953 3341 999 3394 τόν
1017 3336 1179 3410 η’ξιώῇιιενμν
1196 3361 1278 3411 πρεσ-

157 3439 160 3443 ’
217 3410 308 3480 βευτην
324 3416 441 3480 κρίνομεν
458 3414 524 3462 εἶναι
546 3414 594 3479 την
618 3411 694 3463 πόλιν
716 3414 759 3463 καὶ
780 3408 828 3490 τηρ
849 3407 936 3478 χώραν
958 3407 1029 3479 ἷερὰν
1052 3407 1140 3467 καθώς
1164 3411 1206 3459 καὶ
1233 3409 1279 3459 νῦν

217 3484 299 3542 ἐστίν,
316 3482 359 3529 καὶ
376 3472 471 3529 ἄσυλον
487 3482 530 3528 ταὶ
548 3474 744 3549 ἇφορολόγητον
759 3472 822 3529 ’unc
840 3476 887 3527 τοῖ
904 3473 990 3545 δήμου
1006 3477 1055 3528 τοῦ
1069 3473 1213 3544 Ῥωμαίων,

284 3563 313 3624 3)
343 3559 373 3612 G.
395 3559 417 3617 J.
441 3559 471 3613 a.
493 3576 536 3614 uo.
562 3563 639 3617 2943.
664 3562 815 3628 „vetustum
838 3559 874 3610 ds
894 3559 979 3626 Nysae
1005 3559 1078 3626 asylo
1097 3559 1278 3613 documentum

215 3628 393 3682 Artemidorus
417 3638 558 3694 promssrat
579 3646 612 3682 cx
632 3629 775 3689 tabulario,
799 3634 825 3680 ut
844 3628 993 3680 Proconsuli
1015 3628 1094 3681 Asiae
1117 3637 1277 3696 monstraret,

215 3698 260 3767 qai
278 3696 378 3749 videtur
395 3695 551 3764 postulasse,
569 3707 596 3748 ur
614 3715 665 3766 qao
683 3700 739 3753 iura
757 3698 880 3753 niteretur
897 3696 1014 3763 asylum,
1038 3697 1203 3751 ostenderent
1219 3696 1276 3764 lly-

215 3780 350 3830 saeeuses3
370 3763 439 3832 quod
456 3763 597 3818 Procoasal
616 3766 684 3819 baud
703 3765 782 3818 dubie
801 3767 989 3818 confirmavit“.
1013 3781 1037 3818 v.
1057 3765 1173 3819 Boeelrb.
1194 3758 1275 3835 'Apre-

214 3836 326 3903 μίδαρος
350 3825 552 3911 ἀποκατέστησεν
573 3838 598 3892 ἐς
619 3830 650 3885 τὸ
671 3842 846 3903 γραμματεῖον
866 3831 899 3885 τὰ
917 3828 973 3903 ἱεροὶ
994 3834 1135 3914 νρίηιματα
1151 3833 1276 3902 περὶτῶν
1350 3866 1353 3877 .

212 3902 285 3954 θεῶν
305 3902 349 3952 καὶ
369 3899 414 3966 τῆς
435 3901 542 3959 cunilae
564 3894 671 3966 αὗτ[αἷ]ν
692 3905 736 3952 καὶ
754 3902 822 3968 τη[ς]
846 3906 940 3960 ἱκεσίας
961 3904 1002 3953 καὶ
1019 3922 1064 3968 της
1081 3904 1140 3969 περὶ
1157 3898 1187 3953 τὸ
1206 3896 1275 3969 ἱερὸν

216 3964 379 4035 adducitur.
396 3982 423 4018 v.
441 3966 532 4034 ὅσας.
569 3966 666 4021 Titulus
681 3968 833 4025 referendus
851 3977 890 4024 est
908 3970 941 4023 ad
960 3985 1053 4023 anuum
1073 3968 1096 4021 U
1113 3985 1136 4021 c.
1155 3970 1212 4024 75³.
