2788 4422
658 294 871 359 ..20-

238 465 346 552 ltaque
357 465 390 530 in
399 471 467 529 tota
478 463 668 528 Graecorum
682 463 813 527 historia
823 473 854 528 et
868 462 945 527 belli
955 469 986 527 et
999 462 1083 549 pacis
1098 465 1289 550 temporibus

238 552 262 615 ii
283 552 337 637 qui
357 548 530 633 desperatis
545 547 609 611 suis
631 548 724 612 rebus
740 549 931 613 atrocitatem
944 548 1135 615 inimicorum
1147 551 1290 615 extimes·

240 637 363 712 cebant,
387 637 420 697 in
440 632 563 717 templis
576 632 681 696 salvos
694 655 764 698 sese
778 635 847 698 fore
861 634 1027 720 sperabant
1042 657 1142 722 neque
1160 638 1290 725 scripto-

239 743 289 785 res
311 742 412 785 rerum
435 739 535 803 aequo
563 718 667 782 animo
695 719 834 786 referunt
854 742 960 785 eorum
988 722 1204 806 petulantiam,
1239 723 1292 807 qui

239 807 272 870 in
294 805 374 871 fanis
396 804 510 893 pariter
532 813 661 889 egerunt
682 815 774 891 atque
795 809 828 870 in
851 805 988 891 profanis
1010 806 1101 874 locis.
1146 809 1208 873 Hie
1230 808 1290 872 fcr-
1330 890 1333 894 Δ

240 894 320 957 sitan
349 891 432 956 dicat
457 891 533 954 mihi
561 890 672 975 aliquis
700 891 815 956 multos
841 892 989 970 inveniri,
1026 894 1079 979 qui
1107 895 1291 980 templorum

239 979 456 1043 sanctititatem
478 974 556 1038 nihil
577 976 734 1055 inimicae,
762 977 841 1041 nihil
863 979 1025 1062 improbos
1047 979 1152 1044 iuvare
1179 979 1293 1043 debere

240 1065 379 1129 arbitrati
406 1071 437 1126 et
463 1061 588 1148 publice
619 1061 754 1146 professi
782 1065 862 1141 sint,
893 1074 924 1127 et
953 1074 1105 1139 oratores,
1140 1065 1193 1148 qui
1221 1065 1292 1127 alie·

239 1171 310 1215 narn
333 1169 455 1213 causam
477 1156 583 1231 agant,
605 1157 636 1211 et
658 1170 730 1227 eos,
759 1151 811 1235 qui
834 1149 920 1235 quod
942 1152 1009 1236 ipsi
1025 1151 1075 1215 vel
1100 1150 1222 1213 ratione
1243 1147 1293 1214 vel

238 1234 370 1300 libidine
391 1233 476 1299 ducti
498 1233 640 1309 fecerint,
667 1235 746 1303 sicut
772 1235 819 1299 fas
842 1244 873 1299 et
898 1234 939 1299 ab
963 1237 1107 1300 omnibus
1128 1236 1293 1322 probatum

239 1320 292 1396 sit,
314 1320 426 1382 fecisse
447 1321 572 1400 cupiant
593 1318 701 1383 videri.
757 1321 854 1386 Recte
877 1320 1001 1405 quidem
1024 1322 1178 1399 monebit,
1214 1330 1246 1385 at
1266 1319 1293 1384 si

238 1401 312 1467 inde
335 1399 477 1483 colligat,
511 1407 564 1462 aut
585 1399 695 1463 falsum
718 1421 801 1479 esse,
838 1405 925 1485 quod
947 1407 1027 1480 dixi,
1064 1407 1135 1488 quia
1156 1408 1292 1487 ineptum

231 1489 291 1564 sit,
330 1487 470 1550 Graecos
497 1483 578 1549 adeo
607 1484 668 1549 sibi
693 1484 782 1569 ipsos
804 1507 1009 1571 repugnasse,
1033 1498 1066 1551 ut
1088 1488 1291 1573 supplicibus,

262 1594 320 1638 uos
343 1571 412 1656 quis
438 1569 543 1655 aliquo
566 1569 632 1633 iure
653 1579 872 1656 persequatur,
895 1571 1083 1657 parcendum
1104 1595 1174 1638 esse
1195 1572 1291 1639 modo

239 1595 376 1723 dixerint
411 1654 507 1721 modo
539 1654 694 1740 negarint,
731 1665 784 1723 aut
811 1656 938 1722 alteram
966 1659 1062 1723 altera
1088 1661 1292 1744 posteriorem
1375 1709 1377 1715 .

238 1745 334 1810 fuisse
365 1741 634 1807 consuetudinem:
671 1741 815 1826 profecto
848 1763 917 1806 cum
954 1744 1103 1809 historiae
1136 1746 1292 1810 initiorum

239 1850 347 1916 parum
369 1849 482 1914 expers
508 1827 668 1891 hominum
691 1825 732 1891 de
753 1849 793 1892 eo
816 1828 890 1914 quid
912 1828 959 1894 fas
981 1831 1022 1895 sit
1043 1829 1209 1915 opiniones
1232 1833 1292 1918 pri·

239 1935 291 1978 mo
314 1912 439 1998 quidem
462 1910 571 1977 eadem
593 1933 629 1976 ac
651 1913 720 1999 pari
741 1912 872 1977 deorum
894 1914 1047 1999 religione
1069 1918 1156 2001 quasi
1184 1936 1292 1982 eonse-

238 2008 339 2064 cratus
360 1998 440 2062 inter
462 2020 496 2062 se
519 1999 685 2063 concinere
705 2008 770 2062 tum
786 2020 859 2062 vero
883 2002 1005 2066 ratione
1026 2012 1058 2066 et
1079 2024 1129 2067 res
1151 2005 1292 2089 publicas

230 2083 423 2149 ‚moderandi
452 2082 661 2170 libidinesque
699 2093 846 2168 quantum
881 2096 988 2171 potest
1022 2088 1181 2170 mitigandi
1218 2110 1293 2151 eura

237 2169 406 2235 dissolutas
429 2170 537 2233 mirum
560 2168 742 2233 inmodum
765 2168 899 2249 differre,
922 2181 955 2236 ut
977 2171 1057 2236 adeo
1082 2174 1192 2258 optimi
1215 2173 1291 2237 mul·

236 2257 276 2321 tis
299 2254 339 2319 de
361 2255 455 2319 rebus
477 2275 542 2317 non
566 2263 677 2318 coeant
699 2254 733 2316 in
755 2277 859 2332 unum,
882 2264 947 2321 tum
961 2269 1197 2344 praeceptorum
1214 2280 1293 2344 quae

237 2362 278 2405 ex
299 2339 502 2424 philosophia
524 2337 697 2424 promenda
719 2350 799 2418 sunt,
823 2342 914 2405 nimis
936 2343 1096 2426 negligens
1118 2345 1197 2407 nihil
1213 2366 1292 2422 esse,

237 2425 313 2511 quin
334 2425 382 2489 sui
404 2427 591 2489 contrarium
613 2423 740 2503 habeat,
763 2425 895 2508 ignorat.
940 2427 1011 2490 iarn
1031 2450 1106 2499 uero
1133 2428 1293 2494 videamus

236 2509 389 2596 exempla.

323 2593 417 2680 Apud
439 2594 619 2679 Euripidem
641 2592 738 2657 modo
760 2594 793 2657 in
816 2595 990 2661 universum
1013 2618 1133 2662 ararum
1158 2599 1291 2684 perfugi·

234 2703 286 2745 um
309 2680 445 2744 omnium
468 2699 631 2744 commune
653 2678 817 2760 dicitur¹):

420 2824 451 2834 -
488 2825 522 2834 -
557 2801 608 2860 ἕχει
624 2794 673 2863 γὰρ
694 2795 842 2866 καταφυγὴν
863 2795 918 2867 θηρ
935 2801 981 2866 μὲν
999 2804 1091 2868 πέτραν

420 2865 511 2921 δοῦλος
528 2865 555 2914 δὲ
571 2867 674 2931 βωμούς
690 2865 768 2919 θεῶν.

235 2978 332 3044 modo
360 2982 451 3047 certis
483 2980 666 3067 quibusdam
700 2982 935 3047 conditionibus
968 2980 1154 3068 templorum
1189 2980 1292 3047 aditus

235 3074 354 3132 vetatur
364 3065 406 3142 ²):

480 3178 535 3247 ἥτις
552 3182 648 3252 βροτοῖο
665 3184 716 3258 μὲνἋ
729 3176 762 3246 ἦν
778 3201 815 3236 τις
833 3177 929 3245 ἅψηται
948 3186 1031 3251 ponor]

483 3246 502 3314 ci
519 3254 561 3302 καὶ
579 3252 680 3314 λοχείας
697 3269 712 3316 η
732 3248 820 3317 νεκροῦ
837 3251 902 3319 θίγῃ
919 3258 1007 3320 χεροῖν

481 3319 573 3386 βωμῶν
590 3311 703 3384 α’πείργει
719 3313 835 3385 μύσαρον
852 3311 885 3372 ὥς
902 3313 1040 3386 ἡγουμένη.

233 3436 331 3500 modo
353 3436 454 3517 gravis
475 3434 616 3500 exoritur
638 3436 815 3514 altercatio,
843 3444 990 3520 quantum
1016 3434 1118 3500 valeat
1139 3435 1292 3522 supplicis

205 3588 208 3595 Δ
232 3522 297 3598 ius,
321 3540 412 3604 quam
435 3520 508 3605 quia
528 3530 590 3585 tam
611 3520 771 3606 praeclare
792 3522 824 3585 in
847 3520 961 3598 fabula,
985 3543 1064 3606 quae
1079 3520 1142 3586 lon
1165 3521 1290 3601 dicitur,

232 3604 417 3684 instituitur,
441 3625 505 3668 non
528 3604 702 3674 dubitamus
725 3616 823 3673 totam
846 3606 896 3670 liic
917 3605 1033 3671 referre
1042 3607 1087 3683 8);

229 3782 430 3793 m

258 3858 272 3877 ²
300 3875 328 3937 r)
364 3872 451 3938 suppl.
468 3873 530 3924 aer.
566 3871 761 3931 causarer.
829 3876 858 3940 a)
893 3875 913 3929 r.
934 3873 961 3925 r.
979 3875 1039 3929 an.

295 3956 325 4017 3)
360 3955 421 4008 Eur.
439 3954 497 4009 lon,
517 3954 583 4006 1252
601 3969 654 4020 sqq.
676 3956 750 4011 1274.
771 3958 804 4011 79
821 3974 877 4025 sqq.
898 3959 964 4013 1305
982 3974 1036 4024 sqq.
