2788 4422
540 234 754 332 „47ss

116 458 183 504 rum
204 446 305 504 autem
327 443 444 503 sortem
466 435 612 524 proxime
633 434 755 503 accedit
774 434 992 503 obaeratorum
1007 433 1172 518 calamites,

116 546 196 612 quos
218 526 245 590 si
267 522 307 587 ad
334 522 453 587 Dianae
475 523 632 610 Ephesiae
653 523 818 610 templum,
854 521 894 588 de
917 523 1004 588 ouius
1026 523 1173 609 antiquis·

11 648 12 651 ι
116 611 195 676 simo
220 608 570 690 asyliiureetooram
594 610 736 675 Patribus
759 619 913 675 actumst
937 610 970 674 in
998 608 1174 695 inscriptio·

11 720 12 761 ι
116 698 210 763 nibus
233 697 421 761 mentionem
441 695 554 761 famam
585 717 655 760 esse
676 718 770 783 supra
792 696 940 774 vidimus,
973 695 1177 780 confugerant

116 783 226 849 debito
249 782 400 848 liberatos
421 804 492 847 esse
515 805 533 847 a
556 781 723 848 Plutarcho
747 782 915 868 accipimus
929 783 969 858 ¹),
1013 783 1108 846 Cuius
1130 792 1173 847 te·

11 888 12 897 ¹
71 904 75 914 ·
115 869 294 937 stimonium
317 891 411 956 quum
437 870 575 955 ineptum
608 868 691 935 foret
718 870 758 933 in
792 867 1016 932 dubitationem
1046 888 1174 947 vocare,
1203 920 1206 925 ,

11 948 12 993 ³
114 955 190 1020 satis
212 955 383 1020 luculenter
406 956 561 1032 ostendit,
585 964 732 1040 qnantum
752 955 846 1020 fuerit
867 954 946 1019 inter
969 963 1071 1019 cetera
1086 974 1175 1019 sacra

115 1051 147 1107 et
169 1041 257 1123 asyla
281 1040 455 1107 discrimen.
501 1040 586 1119 Quid
609 1042 714 1107 enim?
758 1045 808 1106 Au
835 1040 918 1106 idem
941 1040 1027 1106 licuit
1050 1040 1089 1105 de
1111 1062 1175 1104 om·

113 1127 207 1193 nibus
228 1129 352 1211 templis
375 1126 510 1191 referre?
556 1126 632 1191 Non
653 1138 785 1206 temere,
814 1127 944 1212 opinor,
971 1148 1111 1212 agemus,
1147 1127 1175 1190 si

114 1212 155 1277 ad
178 1213 309 1277 Dianam
333 1212 477 1278 omnibus
500 1214 694 1301 temporibus
718 1235 783 1278 non
804 1235 923 1300 paucos
945 1213 1062 1299 fugisse
1076 1213 1173 1279 conii·

115 1299 242 1381 ciamus,
264 1299 435 1384 permultos
455 1305 632 1386 posteriore
654 1300 764 1381 aetate,
785 1301 819 1364 in
842 1322 933 1386 quam
957 1302 1175 1367 obaeratorum

113 1385 256 1450 miseriae
282 1387 436 1448 maximae
464 1385 631 1465 cadebant3
664 1388 744 1450 inter
770 1407 879 1451 omnes
911 1397 1012 1452 autem
1041 1385 1175 1451 fortasse

113 1470 270 1537 rarissime
293 1471 500 1535 Athenienses
523 1481 602 1551 tum,
626 1493 719 1557 quum
737 1472 867 1536 Solonis
890 1471 1012 1555 legibus
1035 1482 1068 1534 et
1088 1472 1174 1536 insti·

114 1558 189 1622 tutis
212 1576 318 1620 eornm
333 1556 526 1644 potissimum
539 1557 633 1622 rebus
655 1566 743 1622 tanta
762 1558 878 1623 iustitia
899 1568 931 1622 et
951 1557 1175 1636 liberalitato’)

11 1674 12 1719 ι
116 1641 292 1707 consultum
315 1653 411 1721 esset,
435 1651 468 1707 ut
489 1644 701 1730 unusquisque
724 1643 829 1709 mallet
843 1643 965 1726 legibus
986 1645 1094 1729 patriis
1118 1645 1174 1708 ob·

36 1792 40 1799 ,
114 1738 287 1813 temperare
309 1750 400 1812 quam
423 1727 569 1814 defugere
591 1751 643 1794 eas
665 1729 781 1794 relictis
805 1731 967 1806 omuibus,
990 1730 1103 1816 quibus
1118 1752 1174 1817 op·

115 1815 191 1880 timo
216 1815 326 1901 cuique
349 1816 447 1902 patria
468 1816 637 1895 redundat,
670 1816 773 1883 bonis.
830 1816 900 1881 Neo
924 1818 1057 1904 amplius
1084 1817 1175 1881 mira·

114 1922 196 1978 mur,
233 1900 320 1986 quod
345 1903 472 1966 Tacitus
504 1913 631 1989 questus
659 1913 720 1984 est,
760 1912 793 1968 et
822 1905 920 1970 servis
952 1915 984 1970 et
1017 1904 1174 1992 obaeratis

115 1986 231 2073 templa
252 1985 363 2052 referta
386 2010 464 2053 esse.
844 2021 848 2027 ·

202 2073 304 2158 Supra
336 2073 482 2150 diximus,
516 2072 702 2138 florentibus
738 2074 929 2139 Graecorum
957 2075 1052 2141 rebus
1079 2073 1174 2139 maxi·

115 2176 198 2225 mam
221 2159 345 2245 quidem
367 2170 486 2245 partem
510 2160 608 2222 servis
630 2158 720 2240 asyla
743 2157 829 2222 bono
853 2159 962 2239 fuisse,
990 2171 1023 2223 ut
1049 2160 1175 2242 ingenui

116 2252 148 2310 et
169 2245 308 2326 insignes
331 2244 474 2306 homines
497 2243 534 2306 iis
558 2253 734 2319 uterentur,
757 2244 856 2306 rarius
879 2244 930 2308 vel
953 2243 1032 2307 adeo
1056 2245 1174 2310 rarissi-

114 2350 165 2393 me
187 2327 347 2394 accidisse.
391 2329 434 2392 At
456 2326 577 2392 accidit
622 2329 671 2393 Ita
691 2326 855 2392 Minervae
877 2329 974 2394 Aleae
995 2330 1099 2395 fanum
1114 2330 1174 2396 Te·

117 2435 195 2498 geae
218 2413 378 2479 conditum
400 2413 516 2479 multos
538 2415 582 2482 in
604 2414 768 2499 excepisse
790 2415 926 2494 videtur,
950 2426 984 2481 ut
1006 2417 1175 2482 adversarii

116 2501 172 2564 ubi
195 2523 234 2565 eo
257 2499 436 2584 confugisse
458 2521 514 2564 eos
537 2511 728 2584 compertum
754 2500 944 2580 habuerunt,
977 2502 1017 2566 de
1038 2500 1175 2568 instandi

116 2588 279 2651 severitate
302 2607 424 2668 omnem
447 2585 616 2652 abiicerent
626 2587 855 2671 cogitationem.
900 2588 1175 2665 QuaePausaniae
1237 2642 1241 2649 .

115 2673 220 2738 verbis
242 2672 498 2758 comprobantur.
537 2665 597 2738 ‘Hs
619 2675 653 2738 δὲ
675 2670 751 2755 ἄρα,
774 2673 884 2760 inquit,
908 2670 945 2739 τὸ
970 2675 1058 2759 ἱερὸν
1074 2678 1174 2742 τοῦτο

114 2762 150 2821 ἐκ
182 2762 327 2824 παλαιοῦ
362 2761 638 2840 Πελοποννησίοις
671 2760 773 2826 πᾶσιν
808 2761 978 2846 αἰδέσιμον
1001 2766 1072 2828 ναὶ
1103 2771 1175 2840 τοῖς

117 2840 242 2908 αὐτόθι
261 2840 456 2910 ἱκετεύουσιν
471 2841 655 2932 ἀσφάλειαν
674 2844 819 2929 μάλιστα
835 2848 1048 2932 παρείχετοθ).
1092 2849 1176 2914 Belli

116 2927 377 3015 Peloponnesiaci
401 2952 485 2996 anno
508 2955 597 2998 nouo
618 2933 725 2999 medio
741 2934 810 3013 (Ol
823 2933 1006 3002 LXXXIX.
1016 2937 1053 3008 2)
1073 2934 1174 3015 Chry·

115 3015 159 3079 sis
182 3017 314 3080 lunonis
336 3017 490 3089 ,sacerdos
517 3041 611 3103 quum
636 3020 740 3084 fanum
767 3018 854 3104 quud
881 3022 911 3084 ei
937 3019 1176 3085 custodiendum

116 3109 195 3181 erat,
223 3101 354 3166 flammis
382 3101 629 3185 combureretur,
660 3104 869 3190 negligentiae
894 3105 1062 3171 vindictam
1090 3106 1175 3170 exti-

80 3349 84 3355 ⁴
115 3374 193 3426 nautii
216 3375 249 3426 de
275 3374 396 3444 Dulopoli
419 3378 453 3444 (s.
476 3393 502 3429 v.
519 3366 627 3430 Λούλων
648 3380 734 3448 πόλις)
759 3380 904 3433 testimonia
929 3393 978 3435 nos
1004 3383 1106 3437 docent.
1141 3383 1177 3440 cf.

91 3480 94 3486 .
118 3443 234 3496 lirenser.
254 3444 353 3500 llellen.
371 3447 552 3514 priesterstnat.
568 3463 595 3513 p.
613 3448 647 3501 55
665 3466 720 3518 sqq.
740 3450 798 3511 182.
890 3465 894 3473 ·

184 3531 214 3594 l)
249 3530 344 3583 (levit.
363 3547 415 3584 aer.
441 3530 475 3588 ul.
499 3547 522 3587 o.
546 3532 571 3584 3.
606 3527 625 3598 ἤ
645 3538 692 3603 μὲν
715 3530 764 3605 γὰρ
782 3528 896 3605 Ἄρτεμις
918 3530 935 3602 ἦ
957 3541 984 3589 ἐν
1003 3529 1101 3608 Ἐφέσῳ
1121 3545 1177 3598 τοῖς

113 3598 250 3678 gpedusngc
268 3595 342 3680 ἱὅταν
364 3597 541 3670 καταφύγωσιν
562 3603 597 3658 εἰς
618 3621 649 3652 το
677 3599 745 3673 ἱερὸν
768 3599 845 3670 αὑτῆς
871 3597 979 3656 dautran
1005 3614 1108 3678 παρέχει
1134 3610 1177 3657 καλ

116 3667 204 3716 oderem
223 3686 276 3718 απο
293 3686 343 3718 των
362 3670 467 3720 δανείων
483 3690 504 3725 ιι.
522 3671 585 3721 ml„

182 3748 215 3817 2)
249 3750 278 3803 ld
295 3766 373 3804 nemo
391 3752 512 3822 negabit,
536 3752 598 3805 licet
613 3754 676 3812 run
695 3753 772 3824 Apol.
794 3757 837 3812 37.
856 3755 885 3809 Β.
904 3757 937 3810 de
963 3774 1040 3811 cause
1063 3759 1175 3811 Socratis

115 3830 197 3884 agens
219 3818 247 3868 in
269 3820 357 3873 vincla
383 3823 528 3877 coniectum
550 3839 607 3878 esse
630 3826 665 3877 ait
687 3842 773 3889 reum,
804 3826 865 3877 dum
886 3825 1000 3879 debiturn
1023 3828 1175 3879 solveretur.

116 3883 192 3948 Quod
209 3900 262 3937 non
279 3902 381 3955 semper
398 3891 494 3944 laetum
512 3907 570 3945 este
586 3908 611 3946 v.
630 3909 673 3961 ap.
691 3893 806 3949 Boeckh.
826 3892 924 3949 Oecon
942 3895 1001 3948 etth.
1019 3899 1038 3951 1.
1054 3904 1081 3960 p.
1096 3897 1157 3950 421.

183 3968 222 4034 3),
247 3967 287 4023 ΙΙΙ.
305 3973 329 4026 5.
347 3972 373 4026 6.
1118 3986 1122 3997 “
