2788 4422
628 231 843 294 ...46-

294 399 363 467 Jam
383 420 460 465 raro
482 399 708 486 anquirendum
730 409 795 480 est,
832 399 909 486 quid
942 398 982 465 de
1007 399 1163 465 Taenario
1185 401 1267 470 laci-

209 505 289 551 nore
310 486 506 551 statuendum
532 486 581 550 sit.
624 487 738 572 Atqui,
769 484 941 563 mehercle,
972 486 1057 551 haud
1084 487 1191 553 similis
1219 498 1268 554 est

209 568 296 635 haec'
309 593 402 637 causa
422 572 553 635 facinori
574 572 607 636 in
629 571 813 636 Pausaniam
836 592 939 656 regem
962 575 1163 641 commisso:
1191 574 1268 639 Non

211 666 379 744 propterea
399 656 463 721 hoc
484 658 575 736 dico,
603 657 690 744 quod
712 658 839 722 helotae
866 680 959 744 quum
982 658 1022 722 ad
1050 660 1190 746 Neptuni
1216 661 1269 725 l-

209 764 281 806 nnm
304 742 462 830 supplices
490 745 716 827 confugissent,
750 765 867 809 summa
892 745 925 808 in
952 743 1043 809 deum
1069 747 1268 832 impietaten

208 828 466 895 Lacedaemoniis
489 831 632 895 trucidati
655 852 725 896 esse
747 830 905 908 dicuntur,
929 831 961 893 in
985 832 1046 896 hos
1068 855 1145 898 vero
1172 834 1267 920 paulo
1342 889 1348 895 .

208 925 283 1002 post
304 939 323 980 a
344 916 405 982 diis
427 919 560 1002 graviter
580 916 766 982 vindicatum
794 938 863 981 esse
890 927 1047 995 narratur,
1084 939 1269 1005 quamquam

208 1023 274 1067 non
296 1003 323 1068 is
346 1025 429 1084 sum,
453 1003 507 1090 qui
528 1003 607 1068 hacc
630 1003 709 1068 nihil
730 1003 822 1090 pensi
842 1002 985 1085 habeam,
1008 1005 1036 1068 si
1056 1004 1196 1071 adalind
1220 1027 1267 1071 ar·

208 1102 385 1173 gumentum
413 1089 659 1155 confirmandum
687 1091 800 1158 valent.
850 1090 967 1156 Verum
995 1091 1150 1155 enimvero
1178 1090 1267 1176 Argi·

207 1175 268 1239 lius
289 1176 358 1257 ille,
398 1198 530 1263 quaero,
569 1177 645 1263 quid
674 1177 715 1241 sit
741 1174 827 1262 quod
859 1179 887 1241 si
915 1177 1094 1242 Chalcioeci
1119 1177 1268 1263 templum

208 1261 330 1340 asylum
352 1275 431 1340 erat,
468 1285 532 1327 non
560 1285 600 1326 eo
629 1263 821 1346 confugerit,
860 1263 918 1328 sed
944 1265 977 1327 in
997 1263 1102 1327 lanum
1127 1263 1268 1349 Neptuni

207 1345 402 1424 Taenarium,
426 1366 610 1433 quamquam
624 1348 861 1410 Lacedaemone
883 1351 1072 1424 versabatur,
1096 1350 1149 1412 ubi
1170 1350 1265 1433 paulo
1319 1410 1322 1417 ,

207 1441 279 1496 ante
301 1430 429 1516 ephoris
449 1432 532 1516 regis
555 1432 670 1495 crimen
693 1430 854 1496 detulerat
900 1430 963 1496 Res
984 1441 1019 1496 ut
1041 1431 1117 1495 mihi
1139 1432 1264 1518 quidem

205 1517 327 1581 videtur
348 1516 450 1604 plana.
495 1517 583 1602 Fuga
605 1518 685 1583 euim
709 1516 822 1582 callide
844 1519 1021 1602 excogitata
1042 1518 1165 1603 Ephori
1188 1519 1267 1585 Tae·

205 1624 312 1669 narum
334 1601 506 1688 perfugium
528 1622 598 1668 esse
619 1604 785 1671 voluerunt
807 1603 924 1667 nullam
952 1603 1044 1668 aliam
1072 1604 1116 1669 ob
1143 1626 1268 1670 causam

205 1691 267 1755 nisi
290 1686 376 1776 quod
398 1691 536 1774 Argilius
559 1711 667 1756 servus
690 1689 914 1769 Pausaniac¹),
939 1689 1080 1776 Neptuni
1102 1701 1202 1757 autem
1224 1691 1267 1755 l·

205 1798 278 1842 nurn
302 1797 461 1840 servorum
485 1784 550 1839 erat
572 1777 703 1856 asylum.
765 1775 828 1838 Hic
854 1774 993 1858 Argilius
1023 1796 1116 1861 quum
1144 1800 1163 1842 a
1189 1777 1268 1843 Pau·

204 1863 292 1928 sanie
314 1871 519 1946 quaereretur,
544 1881 609 1923 non
625 1860 722 1925 modo
744 1860 990 1926 misericordiam
1013 1863 1113 1928 aravit
1134 1863 1191 1928 sed
1205 1863 1266 1929 ius·

205 1949 265 2014 sibi
286 1946 455 2013 vindicavit
475 1946 704 2016 incolumitatis.
835 1998 837 2003 .

290 2033 461 2115 Asylorum
484 2057 553 2099 mos
576 2033 636 2098 iam
659 2031 886 2119 antiquioribus
913 2033 1107 2120 temporibus
1135 2034 1168 2098 in
1196 2055 1266 2120 pro·

203 2119 312 2186 verbio
334 2128 411 2201 erat,
434 2120 607 2208 etquidem
629 2120 670 2185 ad
693 2141 802 2185 servos
825 2122 1037 2203 spectantium,
1059 2121 1087 2184 si
1101 2119 1266 2204 vulgatam,

204 2206 245 2271 ad
268 2227 395 2287 omnes,
420 2209 447 2272 si
470 2208 605 2273 Schottii
627 2217 658 2273 ct
679 2205 867 2272 Bernhardii
892 2205 1059 2271 lectionem
1085 2206 1267 2292 probamus.

203 2292 376 2357 Dicebatur
398 2296 481 2357 enirn
504 2291 583 2358 ἄνθ’
605 2291 785 2376 Ἑρμιόνος,
808 2304 843 2356 ut
862 2293 890 2356 is
912 2292 968 2358 vel
984 2293 1017 2356 id
1033 2292 1266 2377 significaretur,

205 2398 268 2465 quo
293 2398 404 2444 servus
425 2387 477 2443 aut
499 2379 631 2464 quisque
653 2378 788 2465 supplex
815 2388 988 2442 servaretur
998 2379 1036 2456 ²).
1085 2377 1138 2441 Ad
1159 2397 1269 2443 servo-

254 2666 301 2728 ,1)
334 2663 501 2730 Thucydides
531 2665 634 2732 quidem
661 2665 692 2730 (l.
723 2664 795 2728 132.)
826 2661 953 2729 Argilium
979 2662 1075 2731 (gentis
1097 2677 1191 2713 nornen
1214 2663 1264 2728 est)

204 2733 315 2798 appellat
331 2733 438 2783 ruadind
454 2752 515 2783 ποτε
534 2731 597 2783 ὄντα
615 2726 710 2795 αἰτοῦ,
738 2740 763 2782 ut
784 2745 884 2781 servum
907 2732 987 2782 luisse
1009 2746 1068 2782 cum
1088 2730 1265 2784 Pausaniaea

203 2817 227 2857 c·
248 2802 299 2853 133
316 2799 412 2850 eluceta
444 2805 621 2868 προτιμηθείη
643 2793 668 2849 ‹l'
686 2804 712 2851 ἐν
730 2803 778 2865 ἴσῳ
793 2806 848 2857 τοῖς
864 2801 970 2854 πολλοῖς
986 2801 1035 2850 τῶν
1053 2803 1176 2853 διακόνων
1194 2794 1265 2851 ἀπο-

203 2875 303 2921 θανεῖν.
339 2867 414 2920 Diod.
432 2868 483 2918 Sic.
500 2866 543 2918 Xl.
561 2869 594 2920 45
613 2867 687 2920 dicit:
703 2869 879 2937 βιβλιαφόρος.
915 2869 942 2921 si
960 2869 1028 2934 apud
1040 2868 1121 2923 Thac,
1135 2869 1266 2941 legeretur

203 2939 324 3001 παιδίον,
342 2938 456 3004 quaestio
475 2935 555 2987 facile
574 2944 640 2988 esset
657 2935 783 3002 expedita.

269 3047 299 3111 2)
334 3062 359 3097 v.
376 3045 474 3100 Zenob.
502 3044 574 3097 Cant.
599 3045 633 3097 lt.
656 3047 697 3098 22.
723 3045 765 3099 ed.
789 3044 867 3097 Gaisf.
893 3061 917 3111 p.
940 3045 1000 3098 259.
1034 3038 1106 3098 Ἀλλ’
1122 3041 1263 3113 Ἑρμιόνος.

203 3110 335 3186 εἴρηταιὴ
360 3118 488 3185 παροιμία
509 3117 551 3164 ἰπὶ
568 3113 618 3163 τῶν
641 3110 772 3171 σωζόντων
788 3111 847 3169 τοὺς
865 3116 969 3170 οἰκέτας.
992 3112 1076 3180 insidi)
1100 3119 1126 3165 iv
1142 3109 1263 3185 ‘Epptvdnp

202 3185 249 3250 τῆς
269 3181 473 3250 Πελοποννήσου
498 3177 566 3250 ἱερὸν
588 3173 620 3231 riu
642 3183 736 3250 Κόρης
756 3183 797 3231 καὶ
821 3182 959 3249 Δήμητρος
981 3179 1123 3248 ἀσφάλειαν
1151 3187 1263 3250 παρέχον

202 3249 498 3386 strennuitas
527 3245 1003 3383 settlznsmmtuau
1020 3250 1263 3382 tantuna

203 3403 260 3439 essa
279 3356 412 3439 arbitritus
430 3388 462 3438 ad
485 3402 608 3440 summurn
632 3386 836 3454 demagogurum
860 3384 1022 3450 petulantiam
1048 3386 1262 3451 persequendam,

204 3459 293 3512 ἱκέταις
309 3454 382 3522 legit.
410 3457 445 3506 cf.
464 3455 536 3507 said.
579 3453 651 3505 Phor.
674 3448 780 3523 Ἑρμιόν
799 3489 806 3502 .
828 3457 923 3524 χωρίον
946 3448 1048 3509 ιλονλον,
1070 3447 1088 3518 ri
1108 3454 1182 3511 πόλις
1201 3449 1217 3517 ἡ
1237 3459 1263 3505 ἰν

203 3524 268 3574 Πελ.
288 3525 383 3585 ἔχουσα
401 3519 457 3592 ἱερὰ
473 3524 507 3577 Δ.
525 3526 567 3573 καὶ
586 3521 624 3573 ΠΖ
644 3515 746 3580 ἄσυλος.
780 3473 865 3588 htpm.
884 3521 914 3572 hl.
950 3520 1039 3573 hibuu.
1058 3520 1124 3585 Epp.
1142 3521 1261 3576 35.613.

202 3619 235 3630 -
265 3590 303 3641 lle
321 3590 418 3656 duplici
436 3591 593 3642 nominativo
607 3586 731 3660 Ἑρμιόνη
750 3595 775 3640 et
790 3585 898 3659 Ἑρμιών
921 3603 945 3640 v.
964 3587 1058 3641 Sicbel.
1081 3588 1114 3638 ad
1138 3587 1212 3642 Paos.
1230 3589 1263 3643 X.

202 3659 226 3713 9.
243 3658 268 3711 4.
313 3659 351 3710 De
369 3661 454 3712 llerm.
473 3675 536 3728 agro
555 3657 626 3710 urhis
645 3660 729 3710 llerm.
748 3674 772 3712 v.
791 3657 866 3708 Diod.
886 3657 936 3709 Sic.
960 3657 1025 3709 XIX.
1047 3658 1090 3711 bd.
1136 3656 1213 3711 Paos.
1230 3658 1261 3709 ll.

200 3727 244 3780 34.
262 3728 279 3780 6
297 3727 365 3779 sacri
384 3728 487 3796 quidem
505 3728 659 3778 mentionem
678 3728 743 3781 lacit
757 3741 807 3787 nec
825 3740 887 3779 vero
906 3727 982 3792 asyli,
1001 3725 1071 3794 quod
1089 3724 1183 3778 aPlut·
1196 3742 1262 3794 quo·

202 3811 253 3861 quc
269 3797 296 3846 iu
313 3812 340 3865 ip
357 3794 448 3862 Pomp.
466 3796 484 3847 l.
501 3795 518 3847 l.
537 3803 707 3848 enumeratur.
725 3824 762 3835 -
776 3794 896 3847 Geterm
911 3794 1009 3846 indua
1030 3794 1113 3863 magis
1124 3796 1261 3863 magisque

203 3877 333 3916 servornm
349 3864 428 3930 asyla
444 3864 549 3915 condita
566 3862 660 3930 luisse,
683 3864 716 3915 ad
733 3880 800 3931 quae
824 3865 867 3931 qui
885 3872 1069 3930 pervenerunt,
1096 3863 1148 3915 deo
1167 3878 1262 3918 consa

203 3937 287 3982 crans
304 3947 362 3986 cusa
379 3941 445 3984 totos
463 3931 597 3986 Strabonis
614 3931 649 3983 de
667 3930 788 3985 Comanis
804 3933 870 3999 (llll.
888 3949 914 3999 p.
932 3933 997 4000 585)
1017 3941 1045 3984 et
1061 3932 1183 4000 Stephani
1205 3932 1286 4013 ⁸5⁸„
