2788 4422
551 311 763 383 ...¹13-

128 484 242 549 Verum
269 502 309 547 ue
339 501 379 544 eo
405 475 547 545 fallamur
581 478 751 543 cavendum
783 484 838 545 est.
896 472 977 540 Nam
1004 474 1118 540 rectius
1145 496 1182 539 ac

126 570 229 636 verius
252 568 371 632 dicatur
393 564 531 630 ἀσυλίαν
551 564 651 650 ipsam
673 564 796 630 efficere
818 560 965 626 maiorem
979 561 1180 626 sanctitatem.

128 654 259 720 Accedit
282 651 367 740 quod
389 649 537 737 templum
558 660 725 735 propterea
746 670 840 735 saepe
863 646 983 729 asylum
1005 647 1101 711 fuisse
1122 655 1181 711 tra·

127 740 225 806 ditum
247 748 309 818 est,
333 737 420 825 quod
442 735 535 800 miser
557 735 669 822 aliquis
690 737 787 800 homo
809 757 849 799 eo
877 733 1055 818 confugisse
1076 732 1182 818 ibique

127 847 223 911 quum
250 825 395 910 abreptus
422 833 474 887 aut
490 838 494 851 ¹
509 821 678 886 trucidatus
712 830 811 898 esset,
849 819 894 882 dii
922 820 955 882 in
985 817 1181 904 impudentes

126 912 238 991 acriter
259 909 511 975 animadvertisse
534 907 725 976 dicebantur.
769 904 867 983 Quod
888 927 953 970 uon
974 907 1049 969 satis
1072 925 1182 968 causae

125 1016 195 1060 csse
217 1001 256 1063 ad
278 997 366 1076 asyla
388 992 551 1060 statuenda
572 993 767 1058 manifestum
789 1001 844 1059 est.
892 991 1003 1077 Neque
1026 1011 1099 1055 vero
1119 998 1182 1053 tam

125 1103 242 1166 auceps
281 1090 365 1147 esset
402 1100 468 1155 res,
503 1078 541 1140 si<
565 1078 770 1156 Thucydides
802 1087 833 1141 et
870 1076 1056 1143 Herodotus
1089 1096 1182 1140 uuum

125 1168 277 1250 templum
317 1163 440 1245 asylum
472 1160 692 1228 nominassent.
757 1163 901 1225 Attamen
937 1162 969 1225 in
1002 1161 1183 1245 gravissima

125 1250 310 1335 quaestione
331 1247 569 1334 periclitandum
591 1257 647 1326 est,
671 1267 744 1310 uum
763 1246 844 1326 asyli
865 1247 912 1311 ius
936 1246 1018 1332 apud
1042 1248 1182 1310 Graecos

126 1336 284 1421 antiquum
306 1334 407 1413 fuerit,
430 1330 469 1398 air
492 1355 529 1398 ea
552 1332 673 1398 domum
695 1340 805 1409 aetate
829 1332 878 1393 cui
900 1333 1009 1413 titulos
1031 1329 1105 1394 illos
1129 1329 1181 1394 de·

124 1421 248 1497 bemus,
281 1427 384 1483 ortum
416 1418 465 1479 sit.
512 1417 551 1481 Id
579 1417 606 1479 si
628 1426 694 1480 erat
705 1416 732 1492 ¹)
760 1416 917 1500 usquein
945 1416 1181 1482 remotissimam

110 1502 303 1570 memoriam
326 1499 517 1566 descendere
537 1508 711 1587 potueruut¹
727 1501 821 1585 legati
848 1501 967 1565 urbium
986 1509 1100 1565 'coram
1123 1501 1181 1566 Pa·

123 1589 237 1674 tribus,
262 1598 302 1652 ¹et
321 1588 402 1651 ratio
426 1586 510 1670 cogit
539 1586 642 1666 lateri,
678 1608 775 1673 posse
798 1585 924 1672 quidem
943 1586 1097 1652 eiusmodi
1119 1608 1180 1668 res,

123 1685 157 1741 ut
179 1673 281 1755 asyla,
306 1674 425 1738 seriore
451 1680 551 1736 aetate
572 1693 629 1757 per
650 1672 808 1737 licentiam
834 1672 865 1734 in
896 1694 1046 1737 summum
1074 1670 1181 1737 odium

123 1761 229 1826 venire
251 1780 417 1845 carumque
439 1755 695 1822 consuetudinem
709 1758 846 1844 reprimi,
869 1756 958 1822 nullo
974 1757 1070 1822 modo
1089 1758 1182 1842 gigni.

122 1847 277 1911 Emanaut
301 1845 383 1909 enim
410 1866 428 1907 e
451 1843 581 1909 deorum
603 1845 708 1929 potius
735 1843 936 1924 verecundia,
970 1865 1050 1930 quae
1075 1843 1181 1930 primis

123 1933 313 2018 populorum
333 1930 526 2017 temporibus
550 1931 686 1995 omnium
707 1951 808 1998 rerum
830 1929 1023 2016 publicarum
1038 1951 1181 2016 procrea-

123 2020 186 2081 trix
208 2029 266 2096 est,
287 2038 378 2101 quam
400 2038 419 2080 a
440 2016 574 2081 consilio
596 2017 757 2081 hominum
777 2027 809 2081 et
830 2025 933 2081 mente
954 2017 987 2081 in
1009 2018 1102 2082 rebus
1124 2037 1180 2102 pu·

122 2103 214 2169 blicis
237 2102 416 2167 domesticis
438 2111 471 2167 et
491 2102 628 2169 externis
650 2102 931 2188 circumspiciendis
954 2124 991 2167 ac
1017 2101 1180 2168 moderan-

121 2189 171 2254 dis
202 2190 263 2252 iam
299 2187 352 2252 diu
383 2197 512 2253 versata.
561 2188 744 2253 Aretissime
777 2208 846 2251 cum
878 2188 938 2251 hac
970 2188 1181 2272 disputatione

123 2275 271 2336 cohaeret
292 2272 450 2355 quaestio,
474 2291 565 2354 quam
587 2292 681 2354 supra
703 2272 853 2353 attingere
874 2271 975 2349 volui,
998 2272 1180 2339 inuocantes

122 2366 240 2423 tantum
262 2354 359 2434 asylis
381 2354 461 2419 salvi
481 2355 553 2418 facti
574 2355 636 2418 sint
658 2375 697 2419 an
718 2355 742 2418 ii
769 2368 922 2441 quoque,
941 2356 994 2443 qui
1019 2356 1125 2443 aliquo
1146 2358 1180 2423 in

120 2463 236 2528 genere
255 2438 461 2527 peccaverint.
505 2440 609 2526 Atque
630 2438 682 2505 hic
704 2440 828 2526 quidem
850 2440 1018 2507 videndum
1045 2452 1107 2524 est,
1140 2466 1180 2509 ne

120 2528 238 2594 uostris
270 2525 411 2590 moribus
447 2524 533 2590 ducti
569 2525 660 2588 nimis
700 2526 921 2593 abhorreamus
955 2549 974 2592 a
1010 2529 1178 2610 sententia,

122 2616 314 2687 Graecorum
334 2610 423 2692 asyla
445 2611 537 2675 etiam
560 2634 579 2675 a
608 2613 793 2679 nocentibus
819 2613 885 2679 iure
912 2611 1017 2700 aliquo
1041 2616 1181 2700 expetita

121 2721 200 2764 esse.
256 2698 358 2774 Quam
385 2697 507 2762 tametd
538 2696 598 2763 viri
624 2696 809 2778 doctissimi,
849 2708 882 2763 ut
913 2698 1009 2783 Hugo
1037 2701 1178 2780 Grotius,

120 2784 252 2850 molesta
273 2783 426 2863 tulerunt,
457 2791 560 2848 umen
586 2804 652 2848 non
679 2784 855 2851 dubitamus
887 2784 1093 2866 contendere,
1131 2807 1177 2867 aa,

122 2874 202 2958 qua'e
225 2867 431 2954 collegerunt,
454 2878 591 2937 veterum
613 2868 654 2937 de
676 2870 735 2937 hac
757 2892 791 2937 re
812 2869 927 2939 iudicia
949 2882 980 2938 ct
1001 2880 1179 2957 argumenta

121 2977 162 3022 ex
188 2966 320 3021 astatum
351 2957 492 3021 ratione*
510 2956 742 3042 interpretanda
768 2966 853 3040 esse,
888 2979 984 3042 posse
1012 2967 1113 3022 autem
1139 2957 1178 3021 iis

121 3041 183 3106 alia
205 3062 303 3128 eaque
325 3040 448 3111 diversa
471 3043 589 3129 opponi
600 3043 658 3118 ²),

120 3212 319 3223 .-————--—-—-

191 3307 221 3372 l)
256 3306 289 3355 Ut
306 3306 512 3354 Wachsmuthius
530 3306 664 3354 arbitratur
680 3305 699 3352 Ι.
718 3319 744 3367 p.
761 3303 820 3358 335.
845 3303 1023 3371 „eigentliche
1040 3303 1112 3371 asyle
1125 3305 1176 3374 gab

121 3390 149 3428 ea
168 3381 218 3425 crst
235 3372 261 3424 iu
278 3372 470 3437 aperueruut

187 3457 216 3521 2)
251 3455 283 3507 Ut
299 3454 441 3522 exemplum
458 3453 577 3518 ullarum,
605 3453 649 3505 illa
667 3468 733 3523 quae
751 3469 825 3519 supra
849 3454 920 3507 anuli
942 3452 1018 3508 Gellii
1035 3455 1115 3509 verba
1133 3457 1175 3509 vel

120 3525 217 3590 Lysiae
235 3524 261 3575 in
279 3523 406 3580 Eratosth.
424 3539 449 3590 p.
466 3524 527 3578 445.
551 3517 616 3593 ἱερὰ,
632 3525 717 3593 βωμοὶ
736 3515 899 3593 ὦφέλησιν,ιῖ
915 3526 1027 3586 καὶτοῖς
1044 3519 1176 3579 ἆδικοῦσιν

120 3589 232 3658 σωτήρια
248 3595 366 3658 γίγνεται.
