2788 4422
583 648 813 747 tantu
856 649 920 745 ΙΙ.

309 808 481 876 Hernicum
502 833 611 880 aevum
637 812 791 880 redundat
817 811 883 877 fere
909 809 1082 898 supplicum
1096 813 1125 895 ¹)
1157 812 1277 881 calauri-

223 895 337 962 tatibus
359 919 428 963 cum
450 921 572 979 corum,
602 900 655 987 qui
681 922 701 965 a
722 897 880 965 seditiosis
906 907 938 963 et
962 896 1195 984 impudentibus
1222 900 1278 965 bo

222 984 356 1049 minibus
379 984 472 1050 bonis
492 986 600 1073 patriis
621 986 721 1052 eversi
742 986 776 1050 in
797 984 870 1070 iuga
892 1003 1015 1050 omnem
1036 983 1168 1051 salutem
1188 1004 1278 1133 quae·

223 1070 376 1150 siverunt,
398 1080 462 1136 tum
485 1093 608 1151 eorum,
631 1071 744 1157 quibua
765 1079 819 1137 aut
839 1080 969 1159 propter
989 1070 1129 1157 ipsorum
1157 1090 1279 1156 cupam

224 1164 276 1220 aut
302 1166 433 1307 proqter
458 1159 608 1224 maiorum
634 1158 763 1223 iniurias
789 1157 930 1223 acerrimi
961 1156 1129 1223 extiterant
1154 1155 1278 1233 hoctor,

223 1240 326 1327 quisi
347 1264 419 1329 pua
439 1246 604 1330 potestatis
625 1244 677 1310 vel
697 1244 845 1310 audaciae
871 1242 1045 1323 habebant,
1068 1244 1100 1308 vi
1126 1261 1279 1329 quaecun-

109 1381 114 1388 ,
223 1346 283 1411 que
318 1335 510 1392 tentaverant
547 1330 703 1407 obtinere,
747 1340 780 1396 ut
814 1329 904 1395 alteri
942 1328 1071 1395 omnium
1107 1326 1280 1395 cadendum

222 1418 319 1490 esset,
343 1430 434 1496 quam
447 1412 569 1561 1ξγιιοιίι,
592 1411 669 1497 quid
690 1413 801 1497 cuique
824 1411 960 1474 dandum
982 1422 1075 1488 ercet,
1099 1411 1280 1496 expendere

222 1494 402 1560 maluerunt.
480 1518 529 1561 am
551 1497 659 1563 aetatia
680 1496 764 1562 illius
786 1494 946 1561 hominum
972 1503 1035 1575 cat,
1057 1495 1125 1560 iure
1151 1494 1278 1561 talionis

222 1580 306 1666 (nugs
329 1602 381 1647 um
402 1604 477 1684 aug,
499 1582 581 1648 zahn
602 1603 653 1647 um
673 1583 770 1661 zahn)
791 1583 837 1647 uti
858 1591 890 1648 et
911 1580 952 1646 ad
974 1583 1102 1647 summis
1123 1582 1186 1648 ima
1206 1583 1279 1648 mia·

222 1667 321 1732 cauda
352 1679 524 1755 parauores
551 1690 622 1735 esse
648 1690 741 1756 quam
763 1666 804 1732 ad
826 1666 980 1733 sedandas
1002 1667 1158 1736 libidines.
1202 1669 1279 1734 Erat

221 1753 313 1841 igitur
337 1755 449 1821 caedes
470 1757 539 1841 ipsa
565 1776 631 1820 uon
659 1765 722 1819 tam
749 1752 889 1820 inaudite
914 1752 1067 1841 quaedam
1091 1775 1154 1833 ras,
1191 1755 1278 1820 utic
1381 1798 1382 1803 κ

222 1841 275 1926 qui
301 1861 368 1905 eam
394 1842 428 1904 in
454 1861 489 1906 se
514 1840 703 1918 admisisset,
732 1840 805 1927 quia
829 1841 900 1928 ipse
928 1841 1155 1905 contaminatus
1184 1848 1277 1920 emet,

223 1945 282 1990 auo
315 1925 491 1993 interventu
521 1928 733 1992 contaminare
764 1947 888 1992 omnem
923 1925 1080 1992 uideretur
1115 1925 1277 1991 homiuum

221 2017 344 2077 coetum
354 2011 392 2089 ³).
436 2012 560 2078 Etenim
581 2034 675 2101 quum
697 2034 806 2079 omnes
829 2014 909 2078 inter
936 2011 1080 2077 homiues
1101 2012 1278 2079 inimicitiae

220 2097 347 2162 nonani
369 2098 562 2184 singulorum
584 2109 693 2166 conua
716 2099 858 2185 singulos
878 2119 1001 2185 pugnae
1023 2109 1136 2177 essent,
1160 2120 1201 2162 ne
1220 2099 1278 2161 im·

219 2181 447 2284 pudentissimo
480 2186 605 2273 quidem
632 2186 771 2255 facinore
798 2185 863 2251 ulla
887 2186 1022 2251 societas
1045 2185 1210 2271 putabatur
1230 2183 1277 2247 in·
1383 2212 1384 2215 ¹

216 2271 350 2357 qnmari.
404 2272 523 2337 Tamen
551 2273 687 2339 humano
710 2273 816 2364 generi
844 2293 938 2360 quum
961 2270 1089 2335 inritum
1117 2271 1157 2335 ait
1177 2278 1212 2334 ut
1232 2266 1277 2347 id,

221 2355 309 2442 quod
336 2355 397 2419 sibi
427 2359 560 2440 quisquc
585 2360 720 2421 maxime
747 2379 871 2421 servare
899 2358 1016 2440 cupiat,
1051 2355 1121 2418 aliia
1152 2373 1278 2437 quoque

221 2448 375 2507 servatum
397 2459 468 2504 esee
486 2439 576 2520 velit,
609 2442 703 2505 vitam
725 2438 797 2504 dico
829 2437 1148 2523 consuetudinemque
1177 2437 1277 2503 homi·
1383 2478 1384 2487 ι

220 2546 310 2607 uum,
349 2526 477 2591 omuino
506 2545 663 2614 nunquam
685 2526 714 2590 ai
740 2526 811 2611 quia
832 2524 925 2590 alium
946 2523 1010 2589 vita
1031 2523 1177 2610 privarit,
1211 2544 1277 2589 non

218 2613 353 2677 moleste
366 2611 527 2678 ferendum
549 2613 649 2678 visum
670 2618 728 2690 est,
751 2610 808 2677 aed
822 2611 885 2676 tale
906 2609 1027 2675 facinus
1041 2609 1112 2674 tolli
1126 2619 1159 2674 et
1171 2608 1277 2694 quoad

220 2698 287 2764 fieri
319 2705 442 2783 poscet,
484 2697 631 2765 iniectum
664 2696 757 2763 reddi
790 2695 927 2762 debebat
958 2695 1019 2760 iam
1047 2694 1277 2781 antiquissimis
1383 2758 1384 2773 ι

220 2783 423 2869 temporibus.
475 2785 565 2860 Quae
592 2785 734 2869 negatio,
767 2792 803 2849 ut
829 2803 908 2849 aevo
937 2790 1178 2859 consentaneum
1200 2789 1275 2859 erat,
1383 2866 1384 2869 Ἴ

218 2868 352 2956 primum
375 2868 566 2934 extrinsecus
589 2870 801 2957 quaerebatur.
848 2868 933 2949 Quid
954 2867 1058 2937 enim?
1096 2867 1127 2935 Is
1156 2868 1208 2955 qui
1234 2865 1276 2934 fa·

221 2955 308 3021 cinus
331 2953 495 3021 scelestum
518 2955 716 3031 commiserit
739 2956 766 3022 si
787 2956 893 3045 fugiat,
917 2976 955 3022 aa
975 2954 1123 3022 facinoris
1146 2955 1194 3020 aui
1215 2955 1276 3021 tol·

219 3039 307 3106 leudi
328 3041 449 3106 ratione
466 3042 570 3123 utitur,
594 3064 655 3130 qua
674 3042 753 3107 nihil
768 3045 899 3130 cogitari
914 3052 1020 3130 potest
1039 3053 1093 3108 aut
1113 3041 1202 3128 prins
1224 3050 1277 3107 aut

219 3128 316 3213 magis
353 3128 569 3198 necessarium.
614 3129 685 3206 Qua
711 3149 752 3194 ne
777 3130 893 3198 frustra
923 3137 1025 3195 utatur
1057 3128 1214 3193 faciliores
1235 3126 1276 3191 ad

218 3211 368 3280 tuendum
389 3213 484 3278 animi
497 3222 671 3280 ceterorum
690 3223 772 3286 aunt.
816 3216 899 3281 Nam
921 3213 1114 3302 supplicem)
1137 3235 1216 3301 quos
1240 3217 1275 3277 αἱ

287 3488 317 3554 l)
351 3487 478 3556 Equidem
496 3507 564 3542 nunc
584 3506 635 3542 non
654 3496 749 3542 tantum
767 3491 874 3561 molior,
902 3500 929 3543 ut
946 3506 1114 3559 quaecunque
1131 3488 1165 3539 de
1182 3487 1275 3556 fugiti-

219 3571 309 3608 vorum
326 3556 520 3624 supplicumque
537 3558 637 3612 fortuna
654 3559 738 3629 qualia
753 3560 831 3612 fuerit
848 3561 914 3626 apud
933 3560 1055 3624 Graecos,
1073 3557 1195 3624 disputari
1211 3570 1275 3622 pos-

210 3631 291 3688 sunt,
320 3622 467 3675 exhauriam
495 3626 541 3677 aed
569 3626 595 3677 id
623 3635 717 3680 tantum
746 3629 850 3681 afficere
880 3629 986 3692 studeo,
1013 3636 1041 3678 ut
1061 3627 1190 3695 quomodo
1217 3639 1274 3678 cum

220 3695 316 3758 ἱκεσίᾳ,
334 3707 408 3759 quam
426 3692 519 3745 Graeci
537 3704 646 3759 vocant,
666 3691 927 3761 unbauranamma,
945 3705 1125 3765 cognoscatur.

286 3777 319 3844 2)
356 3792 381 3830 v.
398 3777 512 3830 bobeck.
531 3778 592 3848 Agt
609 3795 634 3847 p.
651 3781 711 3835 301.

286 3860 319 3921 3)
353 3861 487 3930 Supplices
505 3871 562 3915 aunt
580 3867 657 3915 ἱκέται
675 3872 718 3914 aut
735 3860 929 3934 baccaudarum
945 3881 1051 3934 quonum
1069 3864 1117 3916 hoa
1131 3879 1224 3915 vereor
1239 3877 1273 3912 ue

219 3927 285 3978 iuatu
302 3927 419 3982 licentius
437 3931 557 3983 titilletur
575 3932 599 3981 in
619 3931 660 3987 ed.
678 3931 773 3983 Aeacb.
792 3933 900 3986 Eumcn.
919 3949 965 3986 eoa
983 3934 1089 3999 dixerit,
1111 3948 1176 4001 quoa
1193 3931 1273 3996 piatio

220 3994 344 4048 deiecerit
364 4001 383 4050 i.
403 4013 426 4057 c.
445 4000 560 4052 hominen
582 3998 743 4065 piacularem
770 4001 805 4052 ita
823 3998 941 4064 Oresten,
965 4009 993 4054 ut
1010 4003 1045 4054 ait
1062 4002 1144 4068 idem,
1167 3998 1273 4065 Delphis
1375 4024 1380 4033 ι
