2788 4422
611 249 826 314 „24-

203 421 313 488 allatas
333 443 417 492 esse.
472 419 553 486 Vide
581 430 727 508 quantum
761 419 855 484 distet
880 416 993 498 Lysiae
1022 417 1181 485 sententia.
1226 416 1256 483 is

204 509 285 574 enim
306 518 471 594 postquam
494 507 533 571 dc
560 507 598 570 iis
625 505 749 569 loeutus
777 512 839 583 est,
874 503 907 566 oi
938 498 1015 579 τοὺς
1047 505 1107 585 μὲν
1138 509 1172 567 ἐκ
1199 505 1257 582 τῆς

203 595 329 678 ἀγορᾶς
352 590 428 668 τοὺς
451 589 537 657 ὃ’.ὲκ
558 591 622 654 τῶν
645 591 737 672 ἱερῶν
759 584 1020 670 συναρπάζοντες
1034 589 1146 669 βιαίως
1166 587 1257 652 ἀπὲκ·

203 699 326 756 τειναν,
356 677 431 763 quid
453 676 493 740 de
515 675 687 763 supplicum
707 675 824 740 iuribus
847 672 958 738 sentiat
984 673 1113 758 exponit
1135 695 1256 739 acerua-

202 763 276 827 tius:
313 765 369 826 καὶ
398 759 462 826 οὔτ’
496 760 538 826 ἂν
571 757 641 844 ἱερὰ
676 760 749 826 orire
775 762 880 842 βωμοὶ
912 755 999 842 ὑμᾶς
1025 757 1258 840 ἀδικουμένους
1357 800 1361 807 -

204 843 259 912 διὰ
283 842 360 924 τοὺς
381 844 504 911 τούτων
527 844 667 931 τρόπους
689 844 859 929 ὠφέλησαν
885 839 909 906 οἳ
932 847 986 908 καὶ
1013 854 1083 918 τοῖς
1110 843 1259 927 οἱδιαοῦσν

203 929 345 1016 σωτήρια
371 936 494 1015 γίνεται
503 933 541 1009 1).
591 931 681 1007 Quae
701 931 825 1010 „minus
848 933 1008 993 accurate“
1034 927 1116 992 dicta
1143 950 1212 994 esse
1240 951 1259 992 a

202 1017 315 1096 Lysia,
342 1026 376 1081 ut
398 1018 632 1081 Schoemannus
656 1012 813 1095 statuit2')‚
841 1015 983 1101 equidem
1007 1036 1162 1100 nunquam
1185 1035 1258 1078 con·

204 1101 340 1170 cedam..
364 1101 570 1169 Fluctuabant
589 1104 673 1168 enim
696 1124 733 1166 ea
755 1102 796 1167 de
816 1122 851 1165 rc
874 1102 1056 1189 opiniones,
1084 1109 1118 1165 ut
1139 1101 1185 1164 rei
1206 1112 1259 1165 na·

203 1196 273 1252 tura
293 1197 324 1253 et
345 1189 489 1274 publicae
510 1190 618 1254 salutis
639 1190 718 1253 ratio
740 1187 959 1275 postulabant,
986 1196 1017 1250 et
1044 1186 1156 1251 eodem
1183 1185 1260 1267 iure,

205 1293 269 1356 quo
299 1273 460 1354 Lycurgus
486 1277 685 1352 contrariam,
717 1275 829 1355 Lysias
857 1295 943 1338 suam
971 1273 1104 1356 protulit
1129 1283 1262 1337 senten-

204 1357 287 1423 tiam.
331 1356 414 1418 Sane
435 1356 513 1418 haec
533 1358 657 1442 quidem
679 1359 882 1439 repugnantia
904 1358 1034 1436 cogitari
1055 1377 1120 1417 non
1142 1365 1262 1439 posset,

205 1440 232 1504 si
254 1448 400 1525 quantum
422 1439 531 1524 religio
554 1439 594 1505 ad
617 1439 774 1528 supplices
796 1439 930 1504 tuendos
952 1439 1078 1519 valeret,
1101 1441 1193 1504 certis
1217 1441 1260 1504 ie·

204 1525 295 1610 gibus
317 1526 391 1590 iuris
414 1527 510 1590 nttiei
531 1528 692 1613 provisum
715 1535 817 1590 esset·
863 1524 906 1590 At
932 1524 1015 1589 enim
1041 1523 1120 1589 haec
1145 1527 1262 1611 gravis·

205 1611 283 1676 sima
304 1632 340 1676 ac
363 1611 543 1677 difficillima
565 1614 705 1699 quaestio
721 1621 778 1690 est,
802 1610 913 1697 quibus
935 1613 968 1673 in
991 1609 1084 1676 rebus
1107 1620 1138 1676 et
1158 1635 1261 1699 quem·

205 1696 373 1762 admodum
413 1697 523 1782 religio
556 1699 665 1771 animis
696 1699 803 1762 innata
834 1707 866 1761 et
901 1697 985 1761 cultu
1017 1695 1147 1761 deorum
1182 1699 1261 1762 cele·

205 1783 341 1847 berrimo
364 1792 533 1847 sustentata
555 1786 603 1848 ius
625 1782 762 1848 Atticum
783 1783 988 1848 immutaverit
1014 1804 1126 1869 eaque,
1160 1793 1193 1847 ut
1217 1785 1262 1847 ita

205 1866 320 1946 dicam,
347 1868 466 1932 imbuta·
487 1869 527 1932 sit
547 1867 711 1954 prudentia
733 1868 844 1933 civilis.
894 1869 976 1934 Nam
1004 1890 1097 1954 quum
1119 1867 1263 1934 homines

204 1972 271 2016 non
298 1961 359 2016 tam
387 1962 469 2018 metu
496 1974 674 2041 poenaque,
711 1965 757 2021 utx
776 1953 888 2019 dicitur
913 1956 946 2018 in
974 1954 1135 2019 Ciceronis
1162 1955 1203 2020 de
1229 1976 1264 2020 re

204 2037 332 2125 publica
367 2036 471 2117 libris,
512 2050 697 2119 terreantur,
737 2062 816 2126 quae
850 2050 897 2105 est
933 2041 1100 2106 constituta
1130 2040 1262 2125 legibus,

205 2145 298 2273 quam
319 2124 519 2205 verecundie,
554 2148 644 2213 quam
673 2136 781 2192 natura
800 2126 920 2190 homini
943 2127 1030 2192 dedit
1052 2127 1139 2212 quasi
1168 2146 1262 2212 quen·

228 2230 277 2273 am
303 2211 548 2297 vituperationis
569 2233 634 2276 non
661 2213 793 2277 iniustae
819 2213 976 2293 timorem,
1008 2213 1104 2276 multa
1136 2220 1264 2297 suntet

205 2316 328 2378 semper
349 2295 472 2359 fuerunt
498 2299 579 2361 inter
604 2299 763 2361 hominum
784 2310 926 2379 peccata,
950 2320 1080 2381 quorum
1103 2296 1264 2378 legistator

206 2379 300 2442 animi
323 2380 545 2442 conscientiam
572 2383 679 2464 potius
707 2401 798 2464 quam
825 2380 926 2461 legem
954 2381 1046 2442 certis
1074 2381 1178 2445 verbis
1206 2383 1263 2444 cir·

206 2462 421 2548 cumscriptam
441 2464 595 2528 vindicem
617 2486 688 2529 esse
709 2463 776 2529 vult
797 2484 898 2550 neque
919 2473 1025 2550 potest
1039 2464 1134 2533 nolle.
1179 2468 1265 2531 Inter

205 2570 243 2612 ea
270 2550 442 2635 supplicum
468 2550 670 2614 violationem
698 2560 844 2635 tanquam
873 2572 892 2612 a
917 2550 1087 2631 voluntate
1110 2551 1263 2635 religione

206 2635 342 2696 omnium
376 2645 556 2699 consecrata
592 2636 724 2702 alienam
758 2657 822 2698 non
862 2634 1036 2699 dubitamus
1073 2657 1263 2705 enumerare.

206 2717 303 2794 Quod
327 2718 378 2781 vix
400 2730 510 2804 posset
532 2721 633 2799 credi,
657 2723 684 2784 si
705 2720 863 2805 supplices
887 2719 971 2785 aliud
1000 2719 1077 2806 quid
1099 2721 1207 2789 salutis
1230 2725 1263 2787 in

204 2803 284 2866 fanis
307 2823 343 2866 se
365 2804 545 2867 inventuros
568 2827 637 2869 esse
660 2815 834 2890 putassent,
858 2807 919 2870 nisi
941 2807 1151 2872 atrocissimae
1173 2809 1264 2873 ultio-

205 2888 255 2951 nis
275 2888 450 2973 quampiam
474 2891 678 2954 cessationem
700 2900 733 2954 ut
755 2891 861 2978 aliquo
891 2891 942 2956 dei
970 2892 1127 2977 praesidio
1157 2897 1265 2960 muniti

206 2972 390 3037 libidinibus
412 2974 493 3054 eius,
518 2976 571 3060 qui
594 2986 773 3062 persecutus
802 2988 865 3056 est,
896 2978 1011 3043 sedatis
1038 2978 1201 3065 colloquio
1225 2981 1267 3046 de

206 3058 453 3137 conditionibus,
480 3062 591 3146 quibus
615 3085 649 3127 se
677 3061 810 3127 dedituri
839 3074 958 3143 essent,
998 3065 1135 3129 ineundo
1166 3067 1264 3132 lenic-

204 3166 268 3209 rem
292 3144 412 3208 luerent
435 3167 578 3232 poenam.
628 3147 682 3212 Sic
703 3148 859 3234 supplices
882 3169 921 3213 ne
942 3159 1173 3235 torquerentur,
1208 3153 1265 3216 sed

204 3229 337 3295 vadibus
366 3229 444 3295 datis
466 3232 498 3294 in
516 3232 668 3296 iudicium
690 3243 889 3313 vocarentur,
918 3234 959 3300 ad
981 3257 1065 3300 aram
1088 3237 1266 3322 confugisse

206 3313 282 3380 di‘cit
302 3315 484 3382 Andocides
499 3317 530 3401 ³)
554 3329 646 3404 atque
673 3318 735 3400 illi,
774 3326 854 3406 quos
882 3343 977 3407 supra
1010 3325 1265 3391 commemoravi-

274 3590 303 3653 l)
340 3591 399 3645 adv.
419 3592 545 3647 Eratosth.
563 3613 587 3662 p.
606 3596 657 3655 444
675 3612 730 3665 sqq.

271 3689 302 3753 2)
337 3690 438 3760 Antiqu.
458 3698 505 3749 iur.
525 3713 549 3762 p.
568 3713 592 3762 p.
612 3696 670 3749 376.

272 3792 300 3848 3)
337 3791 370 3842 de
388 3803 462 3860 myst
479 3811 505 3860 p.
524 3796 566 3846 44.
587 3789 738 3854 ἀκούσαντες
755 3799 782 3848 δὲ
799 3798 881 3849 ταῦτα
905 3803 1062 3857 Μαντίθεος
1079 3803 1122 3852 καὶ
1138 3794 1266 3871 Ἀφεψίων

206 3859 247 3907 ἰαὶ
264 3877 323 3974 sqq1
329 3862 414 3937 {caten
433 3860 585 3921 ἐκαθέζοντο
604 3865 755 3940 infandorum
771 3863 809 3933 μὴ
820 3866 1014 3934 στρεβλωθῆναι
1034 3860 1088 3919 ἀλλ’
1105 3872 1266 3938 ἰξεγγυηθέν·

204 3942 244 3981 τες
261 3943 299 3992 upa
324 3945 389 3989 ηναι.
