2788 4422
960 952 1016 1033 α’.

415 1099 871 1219 Pnlnnlrlu.

111 1392 180 1493 De
202 1418 324 1500 asylis
348 1419 575 1485 Graecorum
604 1418 769 1504 suscipitur
791 1440 811 1483 a
831 1415 926 1483 nobis
947 1413 1064 1496 oratio,
1087 1411 1175 1501 quod

113 1545 151 1588 ea
177 1521 310 1585 maximo
340 1518 483 1604 indigere
516 1518 650 1585 vidimus
678 1519 898 1604 disputatione.
956 1518 1047 1594 Quae
1082 1537 1175 1601 quum

112 1623 207 1689 rebus
230 1620 347 1706 dignis,
377 1620 511 1707 quaein
533 1621 780 1686 controversiam
803 1620 1012 1700 adducantur,
1039 1627 1175 1704 praeter·

112 1725 215 1790 missis
245 1722 382 1788 omnium
416 1744 492 1788 sane
528 1721 673 1786 facillima
697 1722 839 1788 videatur
872 1730 964 1808 atque
991 1719 1175 1785 enumeratis

113 1826 226 1914 quibus
250 1825 302 1911 qui
325 1824 461 1914 munitos
488 1845 558 1889 sese
586 1822 726 1889 arbitrati
753 1823 816 1889 sint
845 1822 983 1909 templis,
1018 1819 1174 1907 expedita,
1263 1874 1265 1878 .

111 1927 176 1992 illis
198 1935 298 1990 autem
321 1925 353 1988 in
376 1924 611 2001 contentionem
631 1927 752 1991 vocatis
775 1946 886 2010 magna
912 1933 1055 1988 nascatur
1087 1922 1174 1989 dubi·

111 2027 202 2104 tatio,
231 2036 265 2091 ut
293 2046 479 2114 quocunque
500 2025 616 2091 videris
639 2036 786 2114 appareat
806 2025 909 2091 ulcus:
942 2025 974 2087 in
995 2045 1032 2088 ea
1052 2023 1175 2111 pericli·

112 2127 244 2196 tandum
267 2118 372 2214 potius
395 2137 442 2193 est
465 2148 555 2215 quam
579 2127 691 2215 quibus
718 2127 843 2193 laboret
868 2123 1099 2191 difficultatibus
1127 2124 1174 2186 si-

111 2219 209 2294 lentio
232 2228 500 2313 praetereundum.
547 2228 644 2304 Quod
670 2251 737 2293 eam
764 2227 959 2312 potissimum
987 2225 1029 2305 ob
1053 2246 1175 2288 causam

111 2336 196 2391 recte
216 2328 294 2389 mibi
315 2327 427 2390 videor
449 2327 567 2400 dicere,
603 2328 689 2409 quod
711 2346 805 2410 quum
826 2323 909 2404 asyli
931 2323 1019 2389 notio
1042 2324 1074 2388 in
1100 2345 1174 2390 con·

112 2427 306 2492 suetudinem
344 2422 504 2510 proverbii
535 2425 654 2490 venerit
686 2434 779 2512 atque
813 2423 977 2512 quodlibet
1003 2425 1175 2512 perfugium

113 2529 221 2614 quavis
245 2528 285 2592 de
308 2547 401 2591 causa
421 2525 591 2612 expetitum
615 2536 646 2592 et
661 2537 781 2592 veteres
799 2548 1021 2614 saepenumero
1038 2527 1175 2594 dixerint

112 2629 232 2710 asylum
255 2638 287 2693 et
308 2637 431 2690 nosmet
461 2627 618 2692 soleamus
647 2628 766 2709 dicere,
804 2629 827 2691 ii
861 2630 914 2715 qui
948 2628 989 2693 de
1022 2627 1175 2694 industria

113 2751 192 2816 quae
214 2729 328 2794 fuerint
350 2737 485 2794 veterum
509 2726 598 2810 asyla
619 2738 794 2815 quantaque
823 2750 929 2793 eorum
956 2730 1018 2811 vis,
1051 2752 1068 2793 e
1090 2730 1173 2797 testi·

113 2831 228 2895 moniis
248 2830 438 2916 ⁴scriptorum
459 2839 684 2916 poetarumque
706 2829 818 2897 elicere
846 2829 1046 2911 studuerunt,
1074 2832 1173 2898 verbo

111 2932 273 2996 tritissimo
296 2940 369 2996 sunt
391 2930 531 3019 decepti,
559 2941 703 2997 constare
725 2932 826 2998 autem
856 2933 932 3013 sibi,
963 2932 1016 3019 qui
1038 2954 1104 2997 eam
1126 2956 1173 3001 ra·

113 3033 231 3096 tionem
253 3043 436 3120 sequantur,
469 3054 510 3098 ne
532 3034 662 3118 cogitari
685 3034 810 3119 quidem
832 3034 913 3103 licet.
956 3033 1061 3121 Atque
1081 3035 1174 3103 saeile

53 3162 60 3173 Ι
113 3132 239 3219 quidem
260 3132 384 3197 exsistit
404 3152 533 3218 magnus
555 3133 741 3219 templorum
764 3155 922 3212 numerus,
945 3135 1057 3220 quibus
1079 3140 1172 3202 ascis-
1218 3214 1225 3226 x

112 3256 165 3299 cas
185 3232 333 3308 ἀσυλίας
353 3234 413 3311 ius,
436 3234 465 3298 si
486 3235 679 3320 approbabis
696 3243 945 3317 argumentorum
965 3254 1074 3318 genus,
1097 3258 1171 3322 quo,

111 3341 146 3399 ut
168 3332 345 3419 exemplum
372 3331 517 3412 afferam,
544 3331 727 3398 Alexander
748 3332 788 3398 ab
809 3331 990 3401 Alexandro
1003 3336 1032 3416 ¹)
1059 3357 1132 3404 usus
1154 3362 1173 3405 e

60 3434 67 3445 “
111 3433 283 3500 Pausaniae
294 3434 325 3518 ²)
348 3433 541 3514 narratione,
578 3431 700 3516 Syllam
731 3444 900 3523 propterea
926 3437 961 3502 iu
985 3440 1172 3508 teterrimum

112 3535 270 3615 morbum,
307 3557 399 3623 quem
436 3535 549 3601 Graeci
574 3537 774 3624 φθειρίασιν
802 3538 976 3626 appellant,
1011 3541 1170 3627 incidisse,

113 3634 207 3720 quod
233 3636 266 3700 in
294 3636 457 3703 Minervae
484 3637 631 3725 templum
663 3639 717 3726 qui
750 3639 954 3726 confugisset,
985 3643 1171 3711 abstractum

112 3736 260 3802 trucidari
290 3738 447 3820 iussisset,
484 3738 563 3805 illud
594 3739 699 3808 fanum
726 3741 848 3825 asylum
875 3742 972 3810 fuisse
999 3743 1169 3810 mutendit.

180 3970 208 4036 ι)
238 3969 300 4024 aen.
318 3971 388 4026 nrsr.
405 3973 424 4031 1.
441 3971 481 4027 ru.
502 3989 527 4041 p.
546 3975 597 4032 rso
613 3993 685 4047 seqq.
788 3978 818 4043 a)
845 3936 865 4028 ιζ
883 3978 925 4029 ao.

937 4059 963 4123 J

510 4276 743 4373 540100
