2788 4422
616 279 830 344 ...52-

194 465 254 532 pns
275 445 310 513 id
331 445 418 534 quod
444 446 539 512 instat
566 444 680 512 malum
705 445 899 534 propellere,
932 442 990 513 sed
1018 443 1145 513 omnino
1172 441 1249 509 libe·

193 550 264 597 rare
284 541 317 597 et
338 554 462 598 omnem
484 541 598 603 metum
620 532 754 597 evellere
783 531 997 597 credebantur.
1025 548 1028 556 ·
1046 531 1141 615 Igitur
1167 529 1247 595 Jove

196 616 320 701 quidem
346 620 417 703 ipso
445 617 499 702 qui
525 616 670 682 omnibus
700 637 901 704 quaecunque
927 616 1146 682 humanitatem
1176 634 1262 699 pro·-

195 712 300 766 creant
323 712 375 769 aut
396 702 561 780 sustinent,
590 704 672 767 inter
699 724 809 769 omnes
832 702 967 767 maxime
993 701 1141 767 delectari
1165 698 1250 764 uide·

196 785 286 851 batur
295 788 323 864 ¹)
346 789 582 874 praetermisso,
609 788 692 852 luno
715 789 846 870 (Argiva
868 798 899 851 et
922 786 1043 863 Samia)
1064 797 1097 852 et
1118 785 1163 850 dii
1179 783 1251 852 sub·

195 874 330 937 terranei
352 873 511 954 asylorum
533 874 787 959 praestantissimi
808 882 927 937 tutores
949 871 1081 936 fuerunt.
1104 890 1253 936 summam

198 977 333 1045 namque
355 958 525 1042 largiuntur
547 958 735 1039 libertatem,
757 978 850 1044 quum
870 977 956 1022 mors
978 958 1167 1025 miseriarum
1183 955 1254 1020 finis

190 1042 238 1106 ,sit
264 1054 295 1108 et
320 1045 400 1108 sicut
425 1045 609 1108 invocantur
635 1054 670 1108 ut
701 1043 845 1128 sepulcra
872 1052 982 1108 contra
1008 1064 1131 1108 omnem
1156 1041 1253 1126 impe·

196 1135 261 1191 tum
289 1124 533 1210 defendant²)‚'
548 1131 592 1194 ita
618 1129 811 1215 supplicibus
839 1128 1031 1216 impunitatis
1060 1126 1147 1192 dono
1177 1124 1256 1190 cala-

197 1213 318 1278 mitates
341 1215 493 1281 aurierunt.
539 1215 682 1280 Bacchus
705 1237 723 1279 e
745 1217 886 1287 Λυσίου,
910 1232 1002 1301 quern
1025 1213 1180 1289 colebant,
1202 1226 1262 1274 nn.
1388 1256 1389 1277 ι

197 1307 280 1374 tura,
310 1298 476 1382 Neptunus
498 1301 670 1364 Taenarius
693 1299 839 1386 velquia
865 1296 1070 1383 ιΑυφοίλοιιος
1091 1298 1179 1371 est⁸i
1205 1294 1285 1363 vel
1386 1304 1389 1349 ’ἶ

199 1382 271 1466 quia
292 1382 370 1465 fines
390 1382 519 1466 Olympi
547 1392 578 1446 et
600 1384 721 1448 Tartari
750 1383 888 1445 custodit
896 1386 927 1464 f)
956 1383 1008 1443 vel
1034 1382 1157 1444 Tartari
1183 1400 1256 1465 por·

198 1475 246 1531 tas
268 1466 373 1551 aperit
389 1465 567 1552 clauditque
576 1468 620 1543 ⁵),
652 1465 812 1546 asylorum
834 1464 930 1530 baisse
955 1464 1099 1530 videntur
1126 1472 1256 1530 tutores.

199 1551 349 1637 Neptuno
373 1553 627 1636 subiungeremus
648 1552 821 1627 Theseum,
859 1571 950 1636 quem
977 1571 1017 1615 ex
1039 1550 1128 1619 ¹illius
1151 1549 1256 1615 heroi·

198 1636 258 1701 bus
279 1658 373 1702 unum
395 1638 492 1703 fuisse
513 1646 621 1701 notum
643 1645 705 1713 est,
739 1637 799 1700 nisi
827 1633 860 1697 id
890 1657 908 1698 e
914 1637 1105 1784 dposteriore
1127 1634 1259 1705 deorum

200 1726 418 1806 cognationem
450 1745 542 1808 quam
568 1722 718 1786 latissime
756 1718 911 1787 extenden
938 1722 945 1734 '
983 1730 1015 1786 et
1048 1721 1258 1807 amplificandi

199 1808 304 1871 studio
337 1807 530 1883 fluxissett).
586 1805 692 1871 Multo
726 1805 924 1893 probabilior
958 1816 1006 1872 est
1034 1806 1150 1871 Thesei
1166 1810 1194 1884 ⁷)
1227 1817 1258 1873 et

199 1891 347 1955 Herculis
369 1890 556 1977 similitudo,
584 1912 716 1976 quorum
737 1892 817 1957 alter
838 1892 953 1956 Jouum
975 1891 1053 1958 alter
1074 1891 1259 1958 Doricarum

198 1977 335 2059 gentium
357 1976 502 2075 princeps
530 1976 625 2040 heros
652 1987 714 2054 est,
753 1977 907 2042 Hercules
934 1987 1034 2042 autem
1063 1979 1180 2064 quippe
1205 1979 1260 2064 qui

106 2074 110 2081 '
198 2062 268 2147 ipse
289 2072 422 2125 servants
446 2081 616 2145 oppressus
637 2060 729 2126 fucrit
751 2063 949 2127 servientium
965 2062 1109 2128 fortunae
1125 2064 1260 2131 maxime

200 2146 366 2210 consulere
388 2145 552 2211 videbatur
573 2148 664 2231 eique
686 2169 847 2214 servorum
876 2147 979 2227 asyla,
1009 2168 1142 2231 quorsum
1163 2169 1261 2215 unum

200 2232 360 2311 novimus,
385 2241 418 2296 ut
438 2253 495 2318 par
517 2241 600 2310 erat,
632 2243 814 2298 consecrata
835 2232 956 2308 sunt⁸).
1003 2233 1126 2308 Quibus
1150 2233 1260 2299 Hebes

200 2316 355 2381 Phliasiae
378 2338 497 2381 sacrum
520 2317 588 2402 pari
609 2321 792 2383 auctoritate
815 2327 998 2382 exornatum
1021 2317 1167 2383 facillime
1188 2340 1260 2385 cou-

200 2402 284 2466 necti
306 2401 375 2488 quis
396 2410 444 2466 est
465 2423 557 2487 quem
578 2401 684 2485 fugiat.
740 2403 906 2465 Minervae
933 2401 1031 2464 Aleae
1059 2422 1149 2466 sacro
1177 2425 1262 2471 com-

201 2485 382 2551 modissime
397 2496 509 2565 uterer,
532 2496 566 2552 ut
587 2486 747 2567 asylorum
769 2487 962 2552 sanctitatem
985 2507 1003 2548 e
1026 2483 1156 2555 deorsum
1178 2489 1209 2555 vi
1230 2500 1264 2558 et

201 2581 310 2636 natura
333 2571 549 2657 explicandam
571 2595 641 2637 csse
664 2572 843 2658 probarem,
865 2572 925 2636 nisi
950 2571 1158 2636 Gcrhardium
1180 2597 1268 2641 eume

201 2677 285 2722 mum
307 2657 405 2724 virum
427 2658 588 2724 verissime
610 2657 773 2725 Minervae
788 2657 887 2723 Aleae
907 2677 1024 2725 nomen
1040 2677 1106 2726 uon
1128 2657 1169 2725 ab
1184 2659 1263 2740 ἄλη·

201 2845 399 2856 ...fl—...m

270 2948 299 3013 1)
334 2945 426 3000 crena.
443 2945 531 3014 Symb.
549 2948 581 3000 11.
599 2964 624 3015 p.
641 2949 703 3003 379.

270 3048 300 3113 2)
334 3063 359 3098 v.
379 3046 407 3102 G.
425 3048 448 3101 J.
465 3065 492 3101 n.
509 3051 570 3104 916.
601 3048 635 3102 cl.
653 3050 706 3105 989
722 3067 777 3119 sqq.

177 3138 184 3149 '
270 3149 300 3214 a)
334 3147 586 3205 faustianus
610 3150 696 3207 nnn
714 3152 739 3205 ο.
770 3147 835 3201 rtur.
854 3150 928 3203 rues.
947 3158 1009 3202 exn.

272 3253 302 3313 4)
335 3249 475 3320 boettiger.
495 3250 652 3320 liunstmyth.
669 3249 702 3304 ll·
719 3267 746 3318 p.
763 3250 823 3306 328.

271 3351 301 3415 b)
334 3350 394 3404 lles.
413 3351 513 3422 Theog.
531 3356 589 3408 732.

273 3457 302 3520 o)
338 3456 427 3511 l'rodr.
444 3476 470 3526 p.
488 3461 531 3516 83.

201 3601 206 3609 ι
274 3565 304 3628 7)
338 3563 444 3617 Sacrum
463 3565 556 3618 Thesei
583 3563 616 3625 οἷς
637 3552 809 3638 προστατικοῦ
829 3581 898 3621 τινος
918 3566 960 3614 καὶ
983 3565 1144 3631 βοηθητικοῦ
1159 3563 1268 3633 γινομέ-

206 3651 252 3683 υου
270 3636 312 3682 καὶ
329 3634 454 3701 προςδοχο
475 3632 537 3685 εὐου
562 3635 749 3705 φιλανθρώπως
771 3627 818 3690 utic
838 3630 889 3682 τῶυ
900 3630 1087 3702 ταπεινοτέρου
1099 3628 1198 3698 δεήσεις
1213 3630 1267 3699 (oi.-

205 3698 283 3752 lliod.
300 3699 353 3753 Sic.
370 3700 446 3755 lua
481 3703 558 3768 extr.)
576 3711 729 3755 exstructum
748 3715 805 3752 erse
822 3698 950 3754 Plutarch.
969 3699 1041 3759 dicit.
1059 3715 1084 3752 v.
1104 3699 1181 3753 Thes.
1196 3703 1241 3755 80.
1296 3730 1298 3738 ·

225 3873 230 3886 .
273 3806 305 3871 8)
340 3808 410 3888 llaec
428 3807 584 3876 significatio
601 3817 662 3889 puto
680 3811 707 3861 in
725 3809 841 3890 Herculis
859 3792 939 3890 asylis
958 3807 1063 3888 grauior
1081 3806 1138 3861 crat
1149 3804 1266 3890 generali

206 3876 702 4015 {contristabitis
720 3876 1201 4014 .u.¹¹’nt¹r¹¹at†¹t?nr⁰¹⁸⁹
1224 3893 1267 3930 '¹¹'
