2788 4422
523 281 734 345 ..17-

103 449 272 516 cavendum
306 468 376 514 csse
408 458 527 527 monet,
565 470 605 514 ne
639 447 833 535 supplicibus
867 448 992 517 violetis
1025 449 1068 516 dii
1102 451 1166 517 sibi

102 537 264 602 videantur
285 533 394 599 violati
420 554 489 597 esse
512 535 616 614 (271).
665 536 713 599 lta
740 554 964 620 saepenumero
992 536 1025 601 in
1047 546 1162 623 pocta-

101 644 169 687 rum
191 619 376 686 carminibus
399 618 570 685 calamitate
598 640 820 706 oppressorum
852 621 992 687 misereri
1023 622 1070 686 fas
1093 643 1163 686 esse

102 706 308 774 contenditur.
364 705 467 791 Atque
500 704 644 811 luppiter
682 705 810 770 oraculo
848 707 936 771 iussit
968 707 1163 794 supplicibus

101 793 188 880 parci
224 789 283 874 (μὴ
319 788 344 855 δ’
385 795 489 866 ἱκέτας
526 793 668 868 αδικεῖν,
715 794 817 855 ἱκέται
855 789 881 853 δ’
918 796 998 874 ἱεροί
1033 817 1068 858 τε
1105 794 1162 856 καὶ

100 877 265 960 ἀγνοῶ’)ς.
290 875 376 963 quod
398 897 463 939 nou
486 875 526 940 de
548 875 637 943 lovis
658 876 759 962 ipsius
782 885 899 940 tautum
922 874 1045 962 templis
1067 875 1161 952 valet,

101 963 158 1028 sed
182 962 318 1027 omnium
341 981 503 1029 commune
519 971 576 1041 est,
599 962 642 1026 ita
664 970 698 1026 ut
714 960 755 1025 de
769 960 926 1026 Adonidis
949 983 1052 1041 sacro,
1076 959 1163 1047 quod

100 1049 146 1114 ibi
169 1048 321 1113 Hercules
342 1048 420 1112 nihil
443 1046 504 1110 sibi
533 1044 681 1130 praesidii
707 1046 776 1110 fore
803 1047 969 1113 arbitratus
992 1057 1054 1126 est,
1088 1067 1163 1132 pro·

101 1134 241 1200 verbium
264 1130 358 1195 οὐδὲν
383 1127 471 1210 ἱερόν
504 1139 605 1199 ortum
634 1129 675 1192 sit
701 1131 741 1195 ad
767 1132 879 1195 inutile
901 1132 1048 1216 quiddam
1070 1141 1162 1216 atque

100 1221 195 1282 inane
215 1213 450 1299 significandum
461 1215 500 1291 ²),
543 1216 571 1279 E
594 1236 684 1279 sacro
708 1224 808 1280 autem
836 1215 909 1280 loco
937 1218 970 1280 in
998 1215 1163 1303 profanum

102 1301 216 1367 deduci
246 1300 378 1365 uonvult
411 1301 545 1387 supplex
577 1322 617 1364 ne
648 1300 805 1385 praesidio
835 1301 1019 1366 destituatur
1050 1303 1161 1365 timens

100 1391 172 1464 (καὶ
189 1388 258 1459 πῶς
270 1386 448 1466 βέβηλονὶ)
471 1384 570 1458 ἄλσος
585 1385 626 1447 ἄν
641 1383 751 1468 ῥύοιτό
764 1407 804 1466 με
820 1385 934 1449 Aesch.
947 1385 1057 1471 Suppl.
1070 1387 1161 1462 510).

102 1474 191 1557 Opus
215 1478 280 1534 crat
307 1467 455 1554 supplici,
491 1468 519 1533 si
551 1467 676 1553 quidem
707 1467 900 1533 manifestum
931 1470 998 1533 lieri
1026 1469 1160 1548 volebat,

99 1579 170 1622 sese
193 1575 262 1620 esse
285 1557 391 1631 ἱκέτην
418 1554 565 1638 aliquem,
595 1553 685 1617 certis
709 1553 893 1639 quibusdam
916 1555 1161 1634 caerimoniis⁴).

50 1701 54 1710 .
100 1644 148 1707 lta
169 1661 286 1707 ramum
310 1638 413 1703 olivae
434 1638 507 1703 lana
527 1638 700 1703 involutum
723 1661 814 1705 manu
836 1639 976 1718 tenebat,
999 1639 1040 1704 ad
1060 1661 1162 1725 genua

101 1728 182 1806 eius,
210 1749 228 1790 a
251 1746 313 1812 quo
334 1724 483 1789 auxilium
506 1725 668 1809 petebant,
699 1733 730 1788 et
753 1726 865 1790 Gracci
888 1734 919 1789 et
940 1723 1064 1790 barbari
1086 1746 1160 1811 pro·

41 1831 44 1836 ·
101 1813 246 1878 cumbere
266 1832 364 1897 eaque
386 1809 532 1896 amplecti
554 1809 700 1876 solebant
712 1812 752 1890 ⁵),
782 1810 907 1876 barbari
929 1819 1030 1876 autem
1052 1832 1160 1876 manus

172 2064 197 2125 l)
232 2079 256 2113 v.
280 2061 354 2113 Pauo.
374 2061 425 2114 Vll.
454 2064 495 2114 25.
521 2063 543 2113 l.
567 2066 684 2130 φαίνεται
706 2064 732 2112 dl
754 2064 797 2112 καὶ
821 2056 835 2110 ὁ
859 2059 921 2123 θεὸς
944 2061 1073 2132 παραινῶν
1097 2055 1112 2111 ὅ
1136 2065 1161 2113 ἓν

99 2131 212 2200 Λιιὸοἱνῃ
230 2131 313 2198 νέμειν
337 2135 360 2187 tc
383 2133 464 2186 ἱκέτας
487 2129 558 2179 uldel.
596 2130 629 2182 cl.
654 2128 733 2182 Thuc.
752 2133 776 2193 l,
800 2130 856 2184 103.
881 2131 1012 2180 oraculum
1033 2128 1161 2193 Apollinis

101 2202 183 2265 ἱκέτην
199 2198 246 2249 τοῦ
263 2193 327 2254 Διὸς
343 2196 391 2247 τοῦ
407 2190 539 2262 Ἰθωμήεα
557 2190 658 2263 ἀφιέναι
677 2199 710 2250 cl'.
730 2211 762 2246 c.·
772 2197 831 2248 134.

168 2281 200 2341 2)
235 2292 258 2327 v.
282 2276 356 2326 Phor.
381 2275 613 2326 salutemur.
637 2278 670 2326 cf.
689 2277 784 2325 Schott.
809 2277 841 2325 ad
865 2275 964 2325 chob.
1000 2275 1113 2340 ueryctr.
1136 2291 1160 2326 v.

100 2345 181 2398 schol.
202 2343 311 2393 Theocr.
331 2345 367 2405 V,
385 2343 427 2392 21.
462 2341 614 2393 Rolssouad.
632 2343 730 2394 Anccd.
749 2342 795 2405 tlt,
814 2358 839 2407 p.
858 2344 900 2394 211.
937 2341 1067 2408 Panyasin
1086 2343 1169 2394 buius

100 2412 203 2465 tabulae
220 2417 350 2462 auctorem
369 2409 448 2461 luisse
474 2409 607 2460 arbitratur
630 2409 728 2461 Muller.
751 2410 825 2469 Dorr,
849 2412 879 2462 ll.
909 2425 968 2476 app.
991 2414 1019 2464 ll.
1047 2426 1071 2475 p.
1095 2411 1159 2475 4743

99 2482 230 2533 Zenobius
250 2477 411 2530 clearchum.

167 2565 197 2627 3)
233 2562 267 2613 cl.
286 2562 375 2612 Pollux
392 2563 410 2615 l.
434 2562 459 2614 9.
495 2560 564 2612 Suid.
582 2575 607 2610 v.
625 2561 730 2625 βέβηλος
746 2560 825 2616 τόπος
842 2565 868 2609 et
884 2558 977 2610 Bernb.
996 2558 1028 2610 ad
1047 2559 1073 2609 b.
1094 2559 1112 2608 1.

167 2648 195 2710 4)
231 2662 256 2696 v.
279 2643 371 2695 Aesoh.
399 2643 485 2710 Suppl.
510 2644 553 2694 21.
579 2644 621 2694 22,
643 2643 702 2693 155.
729 2643 778 2695 194
800 2657 855 2709 sqq.
879 2643 938 2695 244.
956 2643 1016 2699 333.
1034 2642 1086 2694 315
1105 2656 1159 2709 sqq·

99 2718 160 2770 355.
177 2714 235 2767 tut.
254 2713 311 2765 out
348 2712 425 2777 Sopb.
446 2711 475 2763 0.
498 2710 526 2763 C.
544 2711 604 2762 475.
640 2706 762 2762 0.11.3.
792 2710 852 2761 Eur.
871 2710 958 2776 Suppl.
978 2709 1078 2764 11136.
1099 2711 1161 2761 469.

99 2786 158 2837 724.
195 2781 238 2832 Or.
262 2781 321 2832 373.
357 2781 378 2831 1.
398 2780 426 2830 T.
446 2781 520 2832 1101,
556 2778 634 2829 Andr.
653 2776 713 2830 895.
749 2776 825 2829 Arist.
842 2777 907 2828 Plut.
925 2780 984 2831 383.
1021 2776 1118 2829 llerod.
1141 2775 1160 2827 Ι.

101 2853 159 2907 132.
179 2850 208 2911 V,
227 2849 269 2901 51.
288 2844 347 2913 Vll,
367 2848 422 2898 141.
443 2847 500 2901 197.
535 2845 636 2898 Audoc.
661 2844 693 2895 do
713 2853 784 2910 myst.
807 2848 827 2896 l.
859 2847 917 2900 llll.
953 2849 1079 2912 ἱκετηρίαν
1098 2849 1161 2915 θεῖ..

100 2940 148 2969 ναι.
185 2916 248 2968 Ρ1υ1.
268 2913 343 2965 Thes.
364 2916 403 2966 12.
426 2917 463 2969 14,
485 2915 525 2968 18.
564 2916 597 2965 cl.
617 2912 685 2965 lltill.
710 2913 784 2969 Dour.
807 2913 826 2964 1.
851 2930 876 2980 p.
899 2913 958 2966 144.
983 2910 1161 2977 (Plutarchum

100 3002 123 3038 c.
141 2987 184 3038 22.
203 2981 329 3051 ἱκετήριον
345 2981 438 3034 κλάδον
455 2982 569 3048 Apollini
589 2990 765 3035 consecratum
780 2981 929 3032 contudisse
948 2996 1004 3029 cum
1020 2980 1162 3046 εἰρεσιώνης

100 3070 161 3116 usu,
189 3052 232 3118 qui
254 3052 280 3098 in
304 3049 453 3115 Pyancpsiis
478 3060 545 3112 erat,
573 3051 651 3099 docet
674 3050 773 3099 lloech.
798 3048 865 3097 Cret.
890 3050 919 3098 11.
943 3063 968 3113 p.
988 3046 1060 3110 113.)
1096 3045 1162 3097 Vide

99 3129 232 3188 praeterea
251 3116 350 3170 Polluc.
370 3117 388 3166 1.
405 3118 465 3168 237.
483 3119 526 3169 28.
545 3116 609 3169 11111.
629 3117 669 3166 10.
688 3117 748 3168 119.
772 3115 883 3180 Hesych.
915 3115 959 3190 Eq
975 3112 1050 3185 (lud.¹
1063 3129 1088 3161 v.
1108 3116 1161 3160 ἱκε-

99 3193 187 3258 τηρίαν
218 3185 373 3253 παράκλησις
397 3176 429 3249 ἣν
462 3187 488 3234 οἱ
511 3184 629 3249 δεόμενοι
654 3187 836 3234 κατατίθενται
863 3201 915 3230 που
941 3198 958 3241 η
984 3197 1053 3253 μεταΙ
1075 3184 1163 3254 χεῖρας

100 3263 208 3320 ἴχουσιν.
243 3253 316 3301 Pbot.
336 3255 460 3316 ἱκετηρίαν
487 3251 607 3312 llarpocr.
625 3249 762 3307 Quomodo
783 3253 913 3312 στέμματα
931 3258 945 3292 α
964 3256 1069 3293 corours
1086 3240 1162 3293 dulle-

99 3329 169 3383 rant‚
199 3335 223 3369 v.
248 3318 332 3380 Etym.
361 3316 394 3366 lll.
420 3330 447 3361 v.
470 3317 591 3380 στεφάνη.
631 3312 703 3361 lllum
727 3319 810 3361 autem
834 3326 910 3378 quem
932 3311 1033 3361 θαλλόν
1059 3318 1162 3371 vocant,

99 3388 239 3458 praecipue
257 3386 343 3436 olivae
361 3396 457 3431 ramum
476 3396 533 3432 csse
551 3380 602 3429 dic.
621 3378 710 3430 Pollux
728 3380 749 3431 1.
770 3379 831 3432 237.
856 3380 891 3430 cl.
910 3378 937 3432 O.
951 3379 993 3429 Fr.
1008 3381 1092 3431 llerm.
1112 3379 1130 3428 1.
1143 3378 1161 3436 1,

100 3465 126 3522 §0
146 3457 194 3510 123
212 3455 271 3506 adu.
290 3452 315 3507 6.
334 3457 360 3501 et
376 3448 514 3519 Goettling.
535 3449 577 3500 cd.
596 3448 700 3511 uesieu
722 3447 804 3514 prael.
825 3464 850 3513 p.
871 3446 969 3500 XXVII.
1016 3483 1022 3496 .

167 3541 197 3604 5)
233 3538 293 3588 Eur.
319 3532 362 3585 Or.
382 3533 457 3587 1399.
479 3533 537 3601 περὶ
563 3532 589 3582 δὲ
614 3526 677 3595 γόνυ
703 3533 778 3599 χέρας
803 3531 911 3587 ἱκεσίους
934 3532 1040 3597 ἔβαλον,
1069 3531 1159 3593 ἴβαλον

98 3606 199 3664 Ἑλένας
217 3600 304 3673 ἄμφω.
324 3603 357 3654 cl.
375 3602 434 3655 373.
455 3601 517 3652 lleo.
528 3600 587 3654 339.
606 3605 753 3664 γονυπετεῖς
770 3598 841 3667 ἕδρας
858 3603 1001 3667 προςκὶτνω
1018 3617 1045 3649 σε
1063 3597 1160 3648 Phoen.

101 3677 153 3729 300
171 3682 195 3723 ct
212 3689 281 3738 saep.
312 3673 400 3723 Alanus
418 3672 551 3736 porrigere
570 3683 627 3719 cum
645 3665 769 3732 precandi
788 3673 861 3734 gestu
879 3667 941 3718 satis
957 3667 1092 3718 manifesta
1110 3666 1159 3713 lra-

99 3741 209 3798 bebatnr
226 3740 349 3806 supplicis
366 3740 439 3790 ratio.
458 3755 482 3789 v.
503 3737 582 3788 Thuc.
601 3736 644 3801 111,
663 3735 706 3788 58.
723 3734 756 3787 cl.
775 3735 809 3788 66
826 3730 890 3787 uicta
908 3736 1017 3786 καὶτῶν
1035 3727 1160 3798 σωμάτων

101 3807 191 3863 ἄδειαν
209 3808 339 3864 ποιοῦντες
357 3803 419 3858 ὅσια
436 3799 468 3857 ἂν
486 3803 607 3865 ὃικᾶζοιτε
625 3805 668 3854 καὶ
685 3803 853 3872 προνοοῦντες
886 3797 928 3852 ὅτι
946 3802 1046 3854 Pacatus
1062 3815 1088 3844 tt
1106 3795 1161 3846 flul·

100 3885 156 3946 βειε
178 3879 220 3926 καὶ
241 3883 328 3945 χεῖρας
350 3879 560 3944 προϊσχομένους.
588 3867 603 3923 d
627 3874 653 3938 dl
676 3869 757 3939 νόμος
778 3877 833 3928 τοῖς
865 3870 962 3932 Elinoi
991 3862 1028 3932 μή
1060 3865 1162 3914 κτείνειν

100 3948 213 4001 τούτους.

937 4014 958 4072 2
