2788 4422
535 261 750 325 ..45-

117 430 272 499 menidum
293 429 376 498 elabi
398 427 464 495 vnlt
480 429 524 510 ¹),
552 429 639 515 quod
661 451 755 518 quum
777 450 842 497 non
867 431 959 499 huius
986 454 1093 501 servus
1122 437 1184 516 sit,

117 519 173 584 sed
199 518 287 620 quasi
315 516 356 582 sit
385 535 489 580 seeum
517 517 567 602 agi
595 518 728 603 patiatur
754 518 865 585 timore
891 519 1028 607 perculsi
1061 532 1173 608 poetae

116 606 281 683 miseritus,
304 601 471 668 admodum
493 613 541 667 est
555 603 706 669 iocosum.
749 604 891 688 Accedit,
914 608 946 670 ni
961 606 1064 687 fallor,
1088 605 1173 673 aliud

115 690 335 759 testimonium.
379 689 456 754 Erat
477 689 560 754 euim
581 689 651 774 lege
672 690 884 771 interdictum,
908 701 941 757 ut
962 715 1003 757 ne
1025 694 1105 759 male
1126 715 1174 758 re·

115 778 301 842 viviscentes
323 775 481 856 homiues,
514 797 594 862 quos
622 775 902 860 δευτεροπότμοος
928 780 1040 844 Graeci
1067 780 1173 867 appel·

9 922 10 937 2
116 860 200 943 lant,
231 864 264 927 in
292 862 498 927 Eumenidum
528 883 648 928 sacrum
672 863 823 927 intrarent
851 872 937 939 (τοῖς
964 864 1174 950 δευτεροστάτ-

9 964 10 999 1
115 971 192 1032 μοις
211 945 257 1032 μὴ
281 949 397 1029 ἐξεῖναι
419 953 534 1023 tertiani
555 955 598 1023 εὶς
619 944 658 1013 τὸ
682 945 768 1032 ἱερὸν
784 949 850 1013 τῶν
865 949 1007 1031 Σεμνῶν
1021 952 1173 1028 θεῶν).

9 1034 10 1037 ’
115 1035 181 1111 Qui
203 1057 297 1121 quum
319 1035 512 1121 tupissimum
534 1032 695 1109 hominum
717 1056 814 1119 genus
843 1034 1047 1114 haberentur,
1082 1036 1174 1101 facile

9 1138 10 1167 ³
116 1119 230 1185 facturn
258 1131 320 1199 est,
359 1128 392 1182 ut
418 1141 437 1181 a
462 1139 623 1183 servorum
655 1120 746 1183 etiam
773 1120 862 1201 asylo
889 1134 1067 1188 arcerentur
1100 1123 1118 1190 i.
1146 1145 1173 1191 e.

115 1204 234 1270 nullum
257 1206 295 1269 iis
317 1203 469 1290 reliquum
490 1214 557 1270 erat
578 1205 764 1292 perfugium,
791 1208 870 1271 siout
891 1207 1010 1273 mulieri
1032 1210 1064 1272 in
1087 1208 1173 1274 adul·

9 1324 10 1341 n
115 1290 197 1356 terio
221 1291 434 1378 deprehensae
456 1313 495 1356 ne
517 1313 554 1356 ea
565 1292 691 1379 quidem
713 1292 829 1377 templa
845 1293 931 1359 adire
946 1294 1070 1377 licebat,
1095 1317 1173 1382 quae

9 1866 10 1883 ,
113 1808 177 1886 cis;
199 1807 248 1871 sin
270 1806 364 1892 aliqui

115 1378 213 1441 servis
237 1388 268 1443 et
289 1377 461 1463 peregrinis
483 1376 534 1440 vel
556 1379 738 1463 spectaturis
760 1377 811 1442 vel
838 1380 1055 1465 supplicaturis
1088 1392 1173 1466 pate·

115 1462 238 1539 baut³).
299 1462 353 1528 Sic
380 1462 462 1526 euim
492 1463 680 1549 interpretor
706 1462 807 1546 legem
837 1464 999 1544 Hesychii.
1058 1467 1173 1532 Verum

113 1548 240 1634 quidem
263 1557 323 1626 est,
358 1547 444 1632 qnod
471 1547 611 1612 Meierus
634 1548 812 1628 contendit,
847 1571 957 1616 servos
984 1553 1018 1615 in
1044 1552 1171 1618 Theseo

116 1633 316 1698 considentes
337 1653 451 1697 numen
472 1635 653 1715 invocasse,
684 1644 718 1699 ut
738 1636 1029 1703 misericordiae
1049 1640 1172 1725 partici-

113 1741 172 1807 pes
195 1720 314 1797 fierent,
336 1719 490 1870 sipuidem
514 1721 642 1786 omniuo
665 1721 744 1786 nihil
768 1720 843 1786 iuris
865 1733 931 1788 erat
953 1726 1051 1789 seruis
1073 1728 1171 1791 Grae·

410 1807 477 1873 eius
499 1816 577 1882 erat,
599 1806 632 1871 id
647 1810 680 1873 in
699 1807 825 1873 Theseo
849 1817 880 1874 et
901 1810 942 1874 ad
963 1810 1172 1879 Eumenidum

9 1902 10 1919 ³
113 1914 184 1957 aras
217 1893 376 1958 consecuti
412 1913 482 1959 esse
518 1893 669 1960 videntur.
727 1894 889 1961 Nonnulla
922 1896 1056 1963 fortasse
1084 1919 1173 1965 sacra

115 1979 305 2060 (δημοτελῆ,
326 1988 361 2043 ut
383 1978 545 2048 Demosth.
567 1981 590 2048 l.
607 1980 646 2066 l.)
670 1982 768 2047 servis
783 1982 1171 2069 supplicaturispatehant,

9 2110 10 2163 ,
115 2063 174 2164 ubi
200 2063 461 2151 quemadmodum
493 2086 599 2131 eorum
631 2088 682 2131 res
714 2088 749 2130 se
782 2063 955 2148 habebant,
995 2072 1041 2134 sic
1073 2070 1171 2136 modo

9 2166 10 2217 i
113 2171 233 2215 maiore
259 2149 357 2215 modo
383 2150 503 2216 minore
528 2152 722 2237 indulgentia
749 2150 835 2235 digni
865 2154 1074 2232 habebantur,
1103 2157 1172 2219 vio·

113 2234 216 2299 lenter
237 2247 339 2299 autem
361 2238 503 2320 abripere
525 2258 581 2301 eos
603 2248 773 2302 certernon
795 2237 895 2304 minus
917 2239 1080 2305 verebatur
1102 2241 1172 2326 pius

115 2319 260 2386 dominus
284 2340 375 2405 quam
404 2320 558 2403 ingenuos
586 2322 625 2386 ab
651 2321 719 2387 ullo
747 2342 847 2405 sacro.
875 2330 948 2409 (ἔχει
969 2359 989 2375 -
1010 2360 1034 2374 ·-
1053 2327 1172 2404 δοῦλος

113 2401 246 2491 βωμοὺς
267 2406 367 2473 θεῶν.
388 2406 481 2484 Eur.)
524 2407 561 2471 ln
584 2407 711 2475 Theseo
734 2419 834 2474 eutem
857 2422 888 2476 et
908 2411 948 2477 ad
966 2413 1172 2479 Eumenidum

115 2514 183 2558 arus
207 2489 281 2577 quid
304 2491 412 2555 auxilii
434 2494 695 2580 suppeditaretur,
718 2494 788 2578 lege
808 2497 1071 2584 circumscriptum
1086 2499 1171 2563 vide·

113 2587 171 2646 tur.
229 2577 363 2641 Manent
389 2579 470 2641 enim
496 2579 555 2659 ibi,
590 2591 624 2645 ut
650 2579 869 2666 Aristophanis
896 2605 987 2649 versu
1009 2584 1170 2669 probatur,

114 2663 188 2730 dum
211 2663 263 2749 qui
283 2663 492 2742 inveniantur,
526 2665 638 2752 quibus
660 2667 842 2736 vendantur.
899 2670 940 2734 At
965 2671 1082 2736 Thesei
1107 2672 1171 2736 Eu·

114 2748 331 2835 menidumque
352 2771 425 2815 arae
445 2773 511 2817 non
528 2774 572 2821 ,eo
599 2761 718 2825 tantum
746 2754 882 2819 consiho
894 2837 897 2843 ι
911 2757 1071 2839 conditae,
1105 2779 1172 2826 non

9 2874 16 2913 ς,
114 2857 151 2900 ea
172 2834 274 2898 solum
295 2835 447 2920 religione
468 2849 574 2904 sancta
596 2850 697 2922 erant,
731 2849 765 2905 ut
784 2862 876 2907 servo
892 2855 998 2911 essent
1016 2844 1169 2932 perfugio,

9 2928 10 2975 ἶ
113 2942 220 2986 verum
241 2920 281 2986 ab
304 2923 449 2988 omuibus
472 2928 591 3004 ἱκέταις
611 2936 646 2992 ut
668 2936 771 2993 cetera
792 2949 881 2993 sacra
902 2930 1066 2997 adibantur
1088 2932 1171 2995 anci·
1202 2983 1205 2987 .

9 3014 10 3045 ³
112 3007 170 3094 piti
191 3006 334 3071 nimirum
355 3009 480 3075 fortuna
492 3012 540 3091 ⁴),
563 3014 688 3080 servis
711 3023 798 3079 erant
819 3014 941 3098 asyla.

9 3420 10 3431 ο
112 3387 275 3463 ἀπειρῆσθαι
291 3403 346 3452 τοῖς
361 3395 488 3454 τοιούτοις
505 3400 530 3454 ἐς
545 3395 576 3448 τὸ
595 3396 664 3468 ἱερὸν
679 3399 729 3449 τῶν
746 3399 853 3467 Σεμνῶν
869 3419 933 3468 φασι
945 3401 1032 3453 uscir‘

117 3154 317 3174 ———-·-·⁴

181 3243 211 3307 1)
247 3240 348 3294 Thesm.
365 3243 424 3297 224.
443 3242 477 3296 cl.
495 3245 618 3298 Fritzsch.
636 3248 677 3299 ad.
695 3248 721 3296 h.
739 3248 757 3296 1.
838 3263 839 3266 ’

181 3328 210 3389 2)
244 3340 268 3375 v.
286 3325 398 3392 llesych,
416 3341 437 3379 s.
455 3342 481 3378 a.
518 3328 602 3381 Verba
620 3337 707 3394 aperte
726 3336 858 3396 corrupta:
880 3334 930 3396 „ot
947 3332 975 3385 n
992 3334 1112 3454 molippoic
1128 3337 1171 3391 sci

71 3504 76 3509 .
112 3479 144 3515 eo
162 3477 254 3514 sanare
271 3461 337 3528 vult,
366 3464 434 3531 quod
452 3466 552 3517 scribit:
569 3462 597 3518 ‘d
621 3469 648 3518 dt
670 3468 848 3535 Πολέμων-
865 3496 900 3507 -
916 3497 950 3509 -·
968 3475 1041 3540 φησί.
1073 3411 1170 3526 hlblldl

111 3540 174 3599 puto
204 3529 333 3583 medicina
363 3532 539 3600 adhibebitur,
567 3535 589 3586 si
617 3542 676 3601 post
700 3534 807 3586 verbum
829 3537 950 3607 πολέμοις
976 3539 1073 3610 aliquid
1100 3541 1171 3594 velut

110 3595 276 3669 κρυψὰμενοι
293 3600 335 3651 vel
353 3601 439 3654 simile
455 3604 517 3671 quid
534 3604 661 3657 excidisse
678 3604 810 3659 statuimus
827 3608 1010 3666 ascribimus
1029 3614 1056 3662 oi
1072 3615 1098 3664 tr
1115 3629 1170 3663 πο-

110 3670 197 3737 λέμοις
214 3668 401 3738 [ιρυψάμενοι].
435 3675 478 3722 καὶ
496 3665 578 3743 rintorp.
594 3694 614 3727 κ.
632 3695 654 3729 τ.
670 3673 693 3725 λ.
1052 3706 1054 3709 v

180 3753 209 3812 3)
243 3751 316 3805 lieni.
335 3771 358 3806 c.
376 3754 468 3809 Neaer.
485 3772 513 3824 p.
530 3758 606 3812 1374.
624 3759 649 3811 1.

179 3825 210 3891 4)
243 3825 273 3878 ld
290 3829 351 3883 retis
367 3831 530 3884 confirmatur
549 3832 716 3900 Cylonicrum
733 3832 797 3904 lnge
813 3843 840 3888 et
861 3839 1035 3904 operariorum
1052 3853 1168 3906 quorun·

111 3894 183 3958 dum,
204 3895 248 3961 qui
269 3896 393 3963 dissidio,
418 3899 478 3951 dnm
495 3900 601 3956 Phidia·
619 3903 748 3956 itinerum
765 3911 874 3957 statuum
890 3908 1036 3975 inhorrebat,
1054 3915 1112 3960 orto
1133 3922 1167 3958 eo

110 3970 293 4029 properarunt,
312 3965 480 4037 aliorumque.
498 3986 523 4029 r.
542 3970 619 4026 niod.
636 3973 689 4029 Sic.
706 3971 758 4026 xri
777 3979 800 4026 ο.
819 3974 863 4030 39.
884 4018 888 4024 .
