2788 4422
640 293 853 359 ...16-

224 462 286 529 deo
309 461 419 549 debct3
441 463 628 550 expiationis
646 475 747 532 autern
771 465 834 531 duo
857 474 929 532 sunt
950 484 1072 551 genera.
1116 468 1181 533 Art
1194 468 1275 535 enirn

222 548 320 635 piatio
352 547 387 613 fit
418 548 616 628 (hilastische
646 551 762 627 sirhne)
793 559 846 616 aut
875 550 1018 616 lustratio
1055 554 1276 628 (kathartiache
1313 628 1318 633 ,

223 634 339 712 sirhue)
353 633 391 708 ¹).
444 633 508 709 Qui
538 634 714 699 voluntaria
744 634 841 700 caele
867 638 1092 703 contaminatus
1124 649 1186 718 est,
1218 660 1276 703 nec

223 717 356 802 amplius
378 718 508 793 αἰδοῖος
528 720 697 798 babetur')
719 741 821 807 neque
841 720 954 807 dignus
975 730 1028 787 aut
1054 722 1193 810 hospitio
1219 726 1275 789 ho·

222 803 338 868 minum
360 812 413 867 aut
435 802 563 870 deorum
586 806 753 891 praesidio.

308 889 387 953 Eam
420 887 485 954 fere
518 912 619 955 rerum
653 892 864 957 conditionem
899 890 1032 956 Homeri
1062 901 1161 957 aetate
1182 895 1277 960 fuisse
1320 910 1327 917 ”

223 973 347 1053 credas,
369 974 403 1038 in
425 976 511 1040 ouius
533 977 719 1042 carminibus
741 986 773 1041 et
793 976 850 1040 tilii
872 978 964 1062 regii,
988 978 1039 1063 qui
1062 998 1080 1042 e
1101 979 1201 1064 patria
1223 1001 1276 1044 ex·

223 1060 306 1145 pulsi
328 1061 368 1123 ab
391 1059 459 1124 aliis
482 1062 607 1146 regibus
629 1085 695 1128 uon
716 1061 829 1128 frustra
850 1063 1000 1127 auxilium
1021 1063 1189 1148 petierunt,
1220 1065 1276 1127 cir·

222 1143 400 1210 cumvolant
432 1154 586 1233 tamquam
622 1150 750 1214 umbrae
777 1148 816 1213 de
842 1148 1108 1233 perturbationum
1139 1148 1277 1234 pristinis

221 1230 456 1316 tempestatibus
482 1233 645 1315 cadentes,
682 1244 714 1300 et
740 1234 857 1300 mentio
880 1234 1059 1315 uteorum,
1097 1237 1149 1320 qui
1183 1233 1278 1299 caede

221 1316 334 1401 polluti
356 1318 496 1397 bospitio
523 1321 582 1379 turi
604 1342 675 1383 esse
701 1318 894 1393 voluerint³)
922 1340 1054 1405 quorum
1081 1320 1202 1384 etiamsi
1223 1340 1276 1384 ex·

220 1399 318 1486 piatio
350 1408 382 1462 et
409 1398 537 1461 omnino
561 1401 662 1464 omnis
689 1401 777 1463 lovis
806 1403 930 1463 Purifici
954 1404 1066 1483 religio
1096 1402 1199 1479 abest,
1232 1413 1276 1464 ta·

220 1505 293 1549 men
319 1483 358 1547 ab
391 1481 523 1549 Homeri
547 1493 657 1550 aetate
690 1505 758 1549 eam
789 1504 919 1571 prorsus
947 1484 1080 1551 alienam
1107 1493 1138 1550 et
1164 1492 1277 1571 postea

220 1569 344 1635 demum
366 1577 465 1633 ortam
487 1590 559 1634 esse
579 1572 633 1635 uix
656 1571 756 1655 possit
778 1567 926 1635 contendi
934 1571 974 1656 ⁴).

308 1656 412 1742 Atque
432 1655 566 1721 maxime
588 1656 713 1744 quidem
741 1656 875 1742 templae
903 1656 1076 1742 araeque⁶)
1104 1654 1276 1742 perfugium

220 1742 395 1829 supplicum
423 1751 509 1820 suut,
547 1763 610 1827 quo
640 1763 734 1827 quum
757 1742 973 1827 >confugerint,
1011 1740 1090 1805 nibil
1117 1753 1277 1827 praeterea
1381 1780 1382 1817 η

220 1829 281 1892 sibi
314 1825 578 1891 extimescendum
617 1829 813 1893 arbitrantur.
871 1826 1044 1893 Morientur
1075 1836 1110 1891 ut
1143 1829 1177 1891 in
1214 1829 1276 1890 aris

220 1910 387 1976 considant
406 1911 555 1992 (πάντων
570 1909 596 1974 δ’
614 1909 765 1978 ἀνάκτων
786 1913 886 1978 τῶνδε
902 1914 1124 1996 κοινοβωμίαν
1138 1908 1275 1996 §terat

219 2004 254 2064 tu
275 1995 366 2080 ἁγνῷ
387 1996 499 2075 ἵζεσθε
522 1997 636 2063 Aesch.
652 1998 764 2085 Suppl.
777 2001 868 2080 225),
888 2019 989 2086 neque
1010 1999 1111 2069 inanis
1133 2008 1182 2063 est
1202 2019 1275 2102 spes

219 2082 326 2147 salutis
350 2087 433 2160 (iura
456 2083 491 2146 δε
513 2081 576 2149 κάκ
597 2087 741 2166 πολέμου
768 2091 968 2168 τειρομένοις
991 2081 1104 2168 βωμός
1129 2103 1276 2169 φυμασιυ

218 2169 310 2253 ῥῦμα
321 2168 350 2245 ⁶)
374 2163 557 2252 δαιμόσιον.
579 2171 653 2249 82);
680 2168 868 2256 ¹imploratur
891 2170 968 2235 <leus
991 2171 1076 2234 ouius
1102 2168 1175 2251 fuga
1200 2176 1276 2232 nota

218 2264 267 2320 est
288 2255 468 2337 (καλοῦμεν
491 2253 597 2339 αὐγόις
614 2254 732 2321 Ἠλίου
749 2259 927 2342 σωτηρίους
944 2252 1060 2335 Ἁγνόν
1081 2250 1106 2333 aff
1127 2250 1275 2319 Ἀπόλλω
1382 2256 1383 2261 ’

218 2337 339 2424 φυγάδ’
368 2335 420 2434 ἀντ’
453 2337 606 2433 οὐρανοῦ.
625 2338 718 2404 θεόν.
748 2344 838 2419 216).
893 2338 1042 2422 Appellat
1073 2339 1207 2484 supplex
1238 2359 1275 2400 se

650 2422 898 2571 <meua
912 2418 1125 2581 οουο
1149 2430 1275 2584 οἷο

219 2507 271 2595 qui
293 2505 486 2595 supplicibus
508 2514 638 2591 parcunt
659 2511 711 2579 (ut

216 2617 272 2657 ται
295 2591 357 2674 γὰρ
381 2590 527 2673 ὁμαίμου
549 2589 656 2668 Ζηνὸς
679 2595 811 2673 ἵκτορας
831 2587 959 2673 ἁγνούς.
1009 2585 1189 2674 Τοιγάρτοι
1210 2614 1273 2653 κοι-

217 2679 357 2761 θαροῖσι
375 2671 457 2762 πρὸς
475 2676 602 2759 βωμοῖς
613 2674 716 2752 θεοὺς
738 2673 920 2760 ἀρέσονται.
942 2672 1055 2739 Aeselu
1066 2674 1177 2761 Suppl.
1192 2675 1274 2747 652)

208 3003 215 3017 ,
287 2945 315 3008 l)
350 2943 380 2994 V.
400 2938 449 2995 Od.
464 2942 539 2995 ⁴llitll.
558 2942 600 2996 etl.
619 2941 713 2995 Aeacb.
731 2942 806 2994 Eum.
825 2958 850 3009 p.
869 2942 920 2996 126
936 2957 1008 3009 seqq.

284 3028 315 3093 2)
350 3042 375 3078 v.
394 3026 505 3093 Hesych.
524 3043 547 3082 v.
567 3029 736 3090 αἰδέσασθαι,
760 3023 791 3077 τό
818 3028 908 3091 ἔνοχον
931 3021 993 3077 όντα
1014 3021 1084 3094 φόνῳ
1104 3017 1215 3090 deuota
1232 3029 1275 3082 aare
1382 3040 1383 3047 ¹

216 3095 438 3165 πεφυγαδευμένον
464 3091 631 3166 ἔφ’ὦρισμένῳ
658 3091 742 3162 χρόνῳ
770 3095 818 3144 τοῦ
849 3094 1050 3161 τετελευτηκότος
1078 3092 1213 3150 ἰξιλᾶοθαι
1242 3087 1275 3149 οἷς

217 3160 340 3231 εἰληφότα
356 3159 403 3228 τὴν
420 3167 565 3233 τιμωρίαν..

284 3247 314 3311 3)
350 3246 380 3302 Η.
403 3245 477 3312 XVI,
499 3246 559 3300 573.
581 3274 614 3285 -
638 3273 670 3284 -
698 3237 763 3312 ἀτὰρ
784 3241 842 3294 τότε
864 3237 985 3309 y‘tuetbv
1009 3235 1116 3308 ἀνεψιόν
1133 3242 1275 3310 ’ἐξεναρίξας

214 3309 257 3373 Ἐς
274 3313 359 3380 Πηλῆ’
378 3316 484 3365 ἱκέτευσε
502 3316 544 3364 καὶ
561 3318 586 3371 tc
602 3315 677 3365 Θέτιν
695 3304 875 3379 ἆρμυροτιέζαν.
894 3310 927 3367 cf.
947 3310 1035 3374 ΧΧΙΙΙ,
1053 3309 1096 3365 86.
1113 3309 1203 3375 XXIV,
1213 3310 1274 3362 481.
1320 3320 1327 3336 ³

217 3381 267 3435 0d.
284 3381 351 3446 xm,
368 3381 589 3500 mdxlly’laeo'
624 3379 701 3445 Apud
719 3378 858 3431 lleaiorlum
875 3393 911 3429 ac.
930 3379 960 3430 ll.
972 3381 1007 3434 82
1024 3393 1095 3444 seqq.
1111 3385 1150 3428 est
1163 3377 1273 3441 expiatio

216 3467 242 3502 v.
259 3449 395 3516 Goattliug.
413 3465 455 3500 a.
493 3487 499 3500 .
528 3484 536 3502 ι

242 3535 253 3545 “
285 3533 315 3596 l)
351 3533 388 3582 lta
406 3532 503 3583 iudicat
521 3531 550 3588 G.
568 3532 607 3584 rr.
627 3533 785 3584 Hermannus
795 3527 879 3595 Antiq.
898 3543 962 3581 sacr.
981 3528 1005 3595 δ.
1019 3528 1054 3580 23
1070 3526 1129 3578 adn.
1147 3526 1172 3579 8.
1207 3523 1275 3576 Nota
1381 3496 1382 3499 Ἴ

217 3607 256 3654 eat
271 3596 401 3654 Lobeclrii
418 3601 541 3652 acutemia
560 3615 635 3667 ουτοι
652 3598 813 3667 impugnavit
829 3594 878 3649 0d.
896 3596 1028 3649 lltllerue.

136 3734 140 3738 .
280 3684 314 3750 Ι5)
349 3679 435 3733 Altera
453 3683 582 3749 quaestio,
609 3700 675 3751 quae
698 3682 801 3751 quidem
823 3681 875 3731 buo
891 3696 944 3731 non
967 3679 1088 3745 pertinet,
1117 3677 1144 3728 iu
1162 3676 1274 3743 bospitio

217 3750 469 3819 (testamentalem
491 3753 601 3817 patuerit
622 3752 766 3819 quibusque
791 3748 982 3801 conditionibus
1003 3754 1131 3799 senatun
1151 3745 1199 3809 sit,
1227 3761 1273 3795 ax-

217 3819 339 3885 plicando
356 3827 478 3876 versatur.

285 3902 314 3967 a)
349 3903 460 3956 Verbum
477 3901 589 3971 ῥύεσθαι
604 3899 638 3950 do
654 3900 732 3950 tutela
749 3901 893 3968 supplicum
910 3896 1114 3965 frequentissime
1131 3901 1273 3962 usurpatur.

218 3968 253 4020 cl.
270 3969 399 4023 Weloker.
434 3969 528 4024 Aeactr.
547 3966 636 4035 'l'rilog
663 3982 688 4032 p.
710 3969 766 4022 luo.
