2788 4422
439 250 832 361 ·..-'re-,

125 465 249 542 λλπίὸες
274 460 453 548 βόσκουσι)
479 461 521 538 ὡς
552 458 651 548 λόγος
678 472 711 529 ut
732 462 775 529 ait
808 462 977 551 Euripides
990 463 1033 546 ¹),
1071 473 1178 541 senen

54 547 56 553 ’
146 553 261 619 nsdsm'
288 547 562 629 usi‘vereeuudin,
598 570 690 636 quam
719 550 831 616 Graeci
860 551 943 616 αἰδῶ
953 551 983 629 ²)
1009 550 1176 638 appellent

123 576 204 705 iove
224 640 297 726 ipso
318 636 430 702 comite
440 634 465 712 ⁸)
493 656 532 701 eo
561 655 624 721 quo
650 633 796 715 tendunt,
825 636 1008 723 confugiunt
1032 645 1065 701 et
1088 636 1178 702 Jovis

123 726 318 811 aliorumque
340 720 469 809 deorum
484 723 513 798 ⁴)
534 720 700 808 praesidio
713 722 895 805 gloriantur,
918 723 1102 809 quinetiam
1123 722 1179 789 ubi

124 810 318 876 atrocissime
339 808 491 874 exardere
513 806 596 874 solet
622 806 663 871 ad
693 809 820 873 caedem
845 807 943 875 caede
969 807 1178 879 ulciscendam

59 915 76 931 ·
124 896 293 981 ingenium,
320 895 365 961 ibi
393 895 587 961 sanctissime
612 892 744 963 hebetur
765 891 821 959 ills
841 893 1036 962 verecundia.
1081 892 1179 970 Quod

124 980 303 1066 Boettigero
319 982 348 1060 ⁶)
382 1001 447 1045 non
475 981 518 1047 ita
543 979 653 1044 mirum
680 978 816 1047 debebat
841 977 950 1045 videri.
1004 979 1086 1047 Nam
1114 1001 1178 1065 quo

122 1068 224 1132 minus
246 1065 395 1150 cogitatio
425 1064 530 1131 stato
558 1063 719 1131 abducitur
744 1066 907 1151 minusque
934 1065 1021 1151 quod
1048 1065 1180 1152 qtu'sque

114 1151 327 1228 commiserit,
360 1151 490 1236 propris
515 1148 614 1234 ipsius
640 1148 800 1213 voluntate
831 1153 1024 1216 commisisse
1047 1160 1179 1235 putatur,
1264 1156 1268 1165 “

123 1257 164 1301 eo
186 1234 307 1301 lucilius
329 1234 378 1315 fit,
407 1244 441 1301 ut
462 1233 554 1312 deus,
587 1233 672 1299 euius
695 1233 759 1299 fsto
781 1235 888 1320 magis
909 1257 1000 1321 quem
1028 1235 1180 1300 humanae

122 1321 267 1470 lir‘rientiee
288 1319 407 1389 facinus
429 1320 627 1401 attribuatur,
643 1320 842 1384 iustissimum
864 1321 905 1384 sit
927 1320 1076 1406 supplicis
1091 1341 1179 1406 prae

122 1428 149 1471 ιι
173 1426 244 1471 rum.
395 1463 397 1467 .

209 1487 306 1567 Quod
328 1487 448 1555 etiamsi
470 1496 533 1553 tam
559 1495 692 1564 certum,
731 1496 793 1552 tam
820 1498 903 1553 arcte
933 1509 1001 1553 curn
1029 1488 1179 1576 supplicis

122 1579 247 1642 fortuna
268 1574 466 1639 coniunctum
488 1580 553 1651 est,
574 1578 608 1639 ut
629 1570 721 1647 deus,
743 1573 796 1658 qui
817 1582 948 1654 tueatnr,
970 1573 1093 1655 eodem,
1115 1597 1179 1662 quo

122 1664 190 1741 ille,
213 1661 387 1747 appellatus
409 1660 450 1725 sit
470 1656 648 1738 nomine⁶),
671 1679 749 1725 mox
769 1667 872 1725 tamen
894 1661 1029 1724 nascitur
1050 1660 1178 1725 dubita-

122 1751 183 1829 tio,
207 1769 247 1812 an
269 1745 479 1832 quodcunque
501 1753 661 1830 peccatum
683 1744 734 1823 sit,
756 1742 879 1830 placeat
901 1743 964 1809 deo
978 1745 1083 1811 tutela.
1110 1746 1179 1812 lam

121 1832 314 1922 reperiuntur
335 1832 522 1916 flagitiorum
546 1830 740 1910 discrimine,
769 1829 831 1895 iam
858 1829 964 1899 caedis
986 1830 1180 1901 voluntariae

122 1930 154 1985 et
174 1940 241 1984 non
261 1916 455 1983 voluntariae
475 1936 703 2002 quammsgus
728 1915 769 1981 sit
788 1915 985 1995 differentia,
1018 1918 1048 1985 si
1078 1920 1179 1989 minus

121 2003 318 2088 intelligitur,
352 2012 489 2069 atcerte
511 2002 662 2068 sentitur(
707 2003 797 2079 Quae
820 2023 914 2087 quum
936 2005 980 2069 its
1001 2006 1080 2085 sint,
1114 2024 1180 2072 non

70 2133 71 2136 =
121 2092 190 2178 pari
215 2110 325 2156 omnes
355 2087 503 2174 praesidii
528 2088 596 2153 iure
629 2087 725 2171 digni*
743 2085 911 2166 habentur,
948 2088 1004 2154 sed
1032 2090 1112 2156 adeo
1141 2093 1178 2170 is,

121 2178 176 2263 qui
197 2196 264 2242 non
283 2173 461 2240 voluntaria
481 2172 635 2239 caedere
661 2173 847 2259 inquinarit,
875 2175 1017 2260 expietur
1044 2184 1179 2260 oportet

122 2261 213 2326 Haec
241 2260 324 2322 enim
358 2268 407 2322 est
438 2279 476 2321 ea
512 2256 659 2322 facinoris
686 2257 821 2339 negandi
853 2260 950 2336 ratio,
975 2279 1074 2342 ,quam
1099 2261 1180 2325 sieut
1260 2284 1262 2287 ·

121 2343 192 2425 illa,
229 2341 270 2407 de
292 2361 354 2426 qus
374 2360 468 2426 supro
489 2339 728 2424 disputavimus,
760 2336 905 2428 sibiipsi
927 2341 1090 2419 satisfecit,
1117 2346 1180 2413 iem

122 2593 306 2664 προςτρόπαιος
328 2599 380 2655 est,
404 2589 512 2644 Athenis
540 2604 602 2642 vero
631 2594 726 2658 ἱκέτης,
753 2594 813 2662 quin
840 2594 1025 2647 consuetudine
1049 2576 1180 2650 hominnm

122 2666 208 2716 utitur.
243 2660 370 2728 Equidem
388 2661 522 2727 tlensium,
540 2674 615 2727 quem
633 2660 736 2711 maximi
754 2663 834 2727 iaeio,
850 2664 922 2732 requi
940 2662 1037 2730 malim,
1055 2668 1098 2734 qui
1116 2688 1179 2738 προς

7 2748 8 2755 ’
120 2734 243 2800 τρόπαιον
263 2744 321 2781 eum
338 2729 495 2794 potissimum
514 2727 566 2779 dici
584 2742 626 2779 mo
645 2728 748 2791 docuit,
766 2732 809 2797 qui
827 2731 860 2781 ab
878 2733 964 2801 aliquo
982 2733 1009 2783 id
1027 2736 1114 2786 auxilii
1131 2750 1180 2801 pe-

121 2808 170 2860 tet,
188 2806 261 2850 utre
278 2813 400 2864 suumque
417 2799 545 2849 inmunem
562 2812 665 2864 prorsus
682 2798 706 2849 ei
725 2797 871 2852 committet.

184 2875 223 2949 1)
258 2879 355 2931 Phoen.
372 2881 432 2935 396.

189 2964 222 3030 2)
255 2964 284 3016 ln
302 2974 486 3019 canocelam
508 2963 701 3017 misericordiae
723 2983 799 3035 quarn
821 2969 922 3036 pietatis
950 2983 982 3019 ao
1005 2967 1179 3021 verecundiae

121 3035 207 3091 inesse
223 3035 355 3085 notionem
372 3037 483 3104 egregie
501 3035 565 3086 dicit
581 3034 711 3087 lldllerns.

190 3117 222 3179 3)
259 3116 334 3167 llum.
352 3114 401 3166 0d.
420 3118 465 3167 Vll
487 3133 512 3168 r.
530 3116 590 3169 164.
608 3117 668 3171 181.
704 3117 748 3168 i'ra
764 3120 807 3171 nul
823 3116 1003 3189 τερπικεραύνῳ
1022 3088 1178 3185 Σπείσομελ,

123 3180 186 3237 ὅσθ’
205 3187 314 3256 ἱκέτῃσιν
332 3178 377 3252 ἅμ’
394 3186 532 3236 αἰδοιοῖσιι
551 3177 650 3249 ὀπηδεῖ.

188 3268 222 3335 4)
256 3265 374 3330 anpller
396 3266 520 3330 apellatur
542 3270 646 3323 λιιέοιος,
671 3262 810 3326 ἱκετήσιος,
829 3259 954 3332 ἀφίκτωρ,
974 3265 1084 3331 ἱκταῖος,
1101 3285 1179 3336 προς.

121 3328 259 3402 spinatae,
279 3333 376 3400 σωτήρ,
414 3329 490 3397 diros,
508 3333 593 3387 ξένιος.
628 3327 665 3377 lta
685 3329 762 3395 θέμις
778 3324 843 3389 Διὸς
858 3330 979 3400 Κλαρίου
997 3335 1077 3384 ἱκεσία
1094 3337 1179 3386 nomi·

121 3407 208 3468 natur,
231 3399 373 3481 ederet.-
387 3351 476 3478 Slrppl.
493 3398 558 3463 360,
585 3396 699 3448 ldinerva
721 3396 832 3450 Servans
849 3406 874 3450 et
890 3397 1008 3520 duppliter
1025 3400 1135 3454 Serrana
1152 3404 1179 3456 in

122 3470 215 3523 eodem
231 3467 327 3535 templo
345 3467 429 3520 Prreer
454 3467 571 3520 coluntur
593 3481 616 3519 v.
639 3465 714 3516 raus.
730 3466 756 3530 l,
780 3467 804 3520 1.
826 3467 851 3521 3.
879 3467 919 3549 ιλ.
966 3469 1054 3535 esycii.
1077 3487 1103 3525 r.
1120 3471 1178 3524 Σιλ-

119 3537 323 3657 mpla&
331 3533 946 3674 diilimadirpidd‘ervde'nllldiidaidide'ss
962 3554 1091 3663 ”domiai
1108 3540 1177 3667 piris

122 3676 158 3727 rt.
175 3673 291 3727 eiusdem
309 3674 437 3731 Varenbb.
455 3675 474 3727 1.
492 3689 518 3740 p.
536 3673 578 3728 9⁵.
613 3671 680 3724 Vide
697 3680 834 3739 praeterea
851 3644 955 3730 Pollae..
968 3679 990 3742 l,
1007 3679 1042 3732 23
1059 3653 1129 3745 sedq.

76 3822 83 3833 ,
189 3760 220 3824 5)
253 3756 411 3825 llunstmytlr.
428 3761 465 3824 ll,
484 3775 510 3826 p.
529 3757 587 3812 lle.
700 3779 702 3784 ·

189 3840 220 3905 6)
254 3841 381 3910 Equidem
399 3843 488 3894 nescio
508 3841 613 3893 alteram
630 3840 713 3906 viam,
743 3859 809 3909 quae
831 3842 1003 3911 ingredienda
1026 3840 1059 3892 sit
1076 3840 1108 3891 nd
1127 3854 1175 3893 en·

121 3907 348 3991 plieandnm31qei
366 3910 428 3963 fleri.
444 3911 569 3978 potnerit,
596 3916 623 3961 ut
639 3916 665 3990 et
675 3909 809 3975 supplices
828 3916 853 3963 et
870 3912 947 3977 deus,
974 3910 1017 3974 qni
1035 3908 1175 3975 supplicem

122 3985 247 4040 tueretur,
267 3983 413 4050 αφλκτορις,
432 3981 612 4051 προςτρόπαιοι
630 3977 782 4036 ducerentur.
