2788 4422
546 296 757 362 ..29-

129 465 329 533 ostendunt.“
363 463 397 528 id
419 484 483 529 non
507 465 582 529 satis
604 465 679 529 mihi
702 465 824 533 videtur
846 463 1044 546 observasse,
1078 479 1185 555 postes

101 613 103 617 ,
128 554 221 618 rioris
244 551 394 637 temporis
417 550 464 615 ius
486 551 622 634 gentium
650 553 747 637 magis
777 574 921 617 coercere
950 553 1182 622 conditionibus

128 660 195 702 earn
218 638 387 715 licentiam,
425 659 504 723 quae
530 637 644 722 prioris
667 639 734 704 aevi
758 639 871 724 pietate
893 650 999 704 sancta
1021 641 1087 705 sine
1109 662 1183 705 con-

128 724 300 788 ditionibus
326 723 439 788 floruit.
500 724 668 808 Nunquam
701 724 782 788 enim
811 725 980 810 putandum
1009 736 1069 802 est,
1106 727 1182 792 anti·

127 810 284 894 quissimis
306 808 497 894 temporibus
520 808 696 894 fugitivum,
722 810 749 872 si
777 809 900 895 quidem
922 811 987 873 iure
1008 821 1090 875 tutus
1113 834 1182 878 esse

126 895 232 974 vellet,
256 896 294 960 ab
319 896 462 961 omnibus
486 897 677 962 Graecorum
694 895 908 962 communibus
924 897 1020 960 sacris
1036 896 1182 963 debuisse

126 979 246 1045 abesse.

211 1063 294 1129 lllud
318 1074 420 1130 autem
446 1067 509 1141 ius,
549 1064 636 1149 quod
666 1062 895 1148 ἀνδρολήψιον
931 1075 1060 1133 vocatur
1072 1069 1114 1146 ¹),
1152 1077 1184 1134 et
1255 1072 1260 1087 ’
1326 1081 1331 1091 ·

125 1147 256 1214 alienius
272 1158 320 1213 est
342 1151 381 1212 ab
405 1149 464 1212 hac
486 1147 696 1235 disputatione
717 1159 748 1214 et
770 1150 875 1236 quoad
898 1150 938 1214 ad
961 1173 1028 1215 eam
1050 1155 1184 1238 pertinet

125 1233 227 1301 minus
255 1242 407 1319 repugnat
436 1255 527 1320 quarn
555 1235 643 1299 multi
669 1234 802 1301 fortasse
839 1236 1013 1322 opinantur.
1073 1239 1183 1325 Neque

125 1320 208 1388 enirn
232 1320 272 1384 de
293 1319 535 1385 Atheniensibus
557 1321 738 1398 homicidis,
762 1320 818 1386 sed
842 1322 882 1386 de
901 1323 1066 1405 indigenae
1088 1325 1183 1389 caede

124 1404 158 1469 in
180 1405 342 1488 peregrina
364 1417 445 1475 terra
467 1427 483 1466 a
505 1408 670 1489 peregrino
693 1415 869 1491 perpetrata
891 1409 1003 1490 agitur,
1039 1412 1092 1492 qui
1122 1411 1182 1474 nisi
1256 1450 1261 1460 -

124 1489 158 1553 in
181 1490 325 1554 iudicium
350 1489 554 1554 domesticum
577 1501 707 1555 vocatus
720 1493 774 1566 sit,
799 1493 894 1555 occisi
909 1494 1094 1579 propinquis
1110 1494 1183 1560 lieet

126 1598 145 1640 e
167 1577 313 1662 peregina
335 1583 417 1638 terra
438 1584 501 1638 tres
523 1576 608 1640 viros
623 1574 820 1642 ulciscendae
835 1577 939 1653 caedis
955 1600 1046 1644 eausa
1061 1603 1181 1667 capere.

124 1662 168 1726 Et
189 1672 272 1726 recte
295 1660 419 1746 quidem
442 1661 580 1726 civitates
602 1663 682 1727 inter
703 1684 738 1727 se
761 1673 980 1740 convenerunt,
1004 1667 1090 1729 utin
1112 1687 1182 1731 eum

125 1748 179 1832 qui
201 1748 395 1832 peregrinum
419 1746 602 1828 occidisset,
626 1747 911 1816 animadverterent.
957 1750 1043 1826 Quid
1070 1763 1180 1827 autem,

125 1834 154 1898 si
174 1834 207 1897 id
229 1833 362 1898 faciendi
386 1834 478 1918 copia
500 1855 566 1897 non
588 1835 672 1901 erat?
712 1844 743 1899 et
766 1834 872 1900 deerat
894 1834 976 1899 haud
1006 1832 1118 1916 dubie,
1154 1839 1181 1903 si

124 1919 306 1983 interemtor
327 1918 505 2005 priusquam
526 1921 559 1983 in
580 1921 725 1986 iudicium
748 1930 925 1999 vocaretur,
952 1922 1055 1987 solum
1081 1924 1179 1992 vertit.

97 2007 207 2071 'Tum
227 2004 381 2069 interemti
403 2007 584 2070 necessariis
607 2007 849 2072 Atheniensibus
872 2009 978 2072 nescio
1002 2031 1064 2092 quo
1087 2020 1180 2096 pacto

123 2091 228 2155 licere«
242 2091 379 2176 potuerit
400 2091 466 2154 iure
487 2089 717 2176 ἀνδροληψίου
740 2092 794 2158 uti.
839 2092 929 2168 Quae
944 2116 1036 2179 quum
1052 2096 1094 2169 ita
1109 2096 1180 2173 sint,

124 2176 166 2241 ad
202 2177 376 2262 supplicum
413 2176 626 2241 conditionem
664 2177 764 2263 qualis
802 2177 884 2260 apud
918 2190 1040 2242 exteras
1074 2189 1181 2260 gentes

124 2260 230 2337 fererit,
265 2261 292 2322 si
314 2283 332 2321 a
354 2263 552 2344 persequenti
575 2261 697 2325 civitate
718 2261 768 2325 vel
794 2260 1016 2325 ulciscentibus
1039 2283 1180 2329 necessa-

123 2346 180 2410 riis
209 2353 446 2428 exposceretur,
483 2346 654 2410 accuratius
682 2344 934 2430 cognoscendam
961 2347 1039 2411 nihil
1065 2346 1180 2433 ἀνδρο-

123 2432 231 2516 inpia
252 2429 308 2494 illa
330 2428 421 2494 valet.

211 2515 279 2579 Jam
301 2537 376 2580 vero
400 2524 433 2577 ut
454 2535 495 2577 ex
517 2515 555 2578 iis
579 2536 657 2600 quae
685 2515 908 2600 disputavimus
935 2518 1010 2601 quid
1037 2528 1182 2602 sequatur

123 2601 210 2665 brevi
247 2601 401 2678 dicamus,
447 2600 621 2686 supplicum
658 2599 765 2664 divino
800 2600 958 2688 praesidio
994 2605 1181 2668 munitorum

121 2686 294 2753 violatione
316 2685 483 2773 antiquitus
504 2685 583 2751 nihil
605 2685 818 2752 detestabilius
841 2698 906 2752 erat
928 2699 958 2752 et
979 2692 1101 2755 tametsi
1116 2711 1181 2755 nou

122 2774 335 2857 impunitatem
358 2781 555 2859 peecatorum
578 2782 685 2838 sontes
711 2773 867 2860 supplices
895 2773 1070 2855 habebant,
1099 2785 1181 2840 oerte

122 2858 258 2932 avellere
285 2880 341 2922 eos
375 2879 440 2922 non
461 2857 574 2924 licebat
602 2858 678 2931 sed,
704 2869 737 2924 ut
765 2861 829 2925 eius
860 2860 1181 2948 quipersequebatur

123 2944 242 3008 animus
264 2944 304 3008 ad
326 2943 549 3028 indulgendum
570 2946 701 3033 pronior
723 2956 797 3023 erat,
820 2947 950 3031 perinde
966 2948 1097 3010 mitioris
1113 2967 1180 3011 sor·

119 3010 163 3092 tis
186 3030 352 3113 participes
375 3031 504 3108 fiebant,
527 3031 550 3094 ii
572 3043 673 3095 autern
697 3032 750 3113 qui
772 3031 871 3115 patria
893 3030 1001 3093 relicta
1022 3032 1104 3117 apud
1126 3031 1180 3095 ali-

122 3136 174 3178 um
197 3112 348 3200 populum
376 3117 569 3197 expetierant
595 3115 780 3200 perfugium,
805 3113 910 3187 ¹tutela
929 3098 1019 3177 haud
1046 3136 1180 3198 unquam

121 3198 214 3266 facile
237 3199 383 3265 carebant
392 3199 438 3279 ²),
473 3200 534 3267 nisi
559 3200 700 3287 periculo
728 3200 897 3282 perterritis
921 3197 1036 3262 dedere
1057 3218 1113 3261 eos
1136 3198 1179 3279 ui·

191 3415 219 3476 1)
253 3412 326 3464 Dein.
347 3430 369 3465 c.
387 3413 512 3467 Aristocr.
537 3431 561 3480 p.
579 3414 638 3468 647.
661 3415 695 3466 24
712 3430 767 3482 sqq.
797 3414 848 3468 692
874 3415 917 3466 21.
948 3417 982 3468 cl.
1006 3416 1179 3480 Harpocru.

122 3476 290 3550 ἅνδροῖηῖία
308 3482 349 3538 ed.
369 3481 450 3534 Bekk.
475 3499 500 3548 p.
519 3485 560 3536 19.
579 3483 617 3535 16.
654 3483 733 3534 lleier
751 3489 776 3534 et
793 3483 912 3534 Schoem.
936 3483 953 3535 l.
972 3484 988 3535 l.
1010 3501 1034 3551 p,
1056 3486 1108 3539 278
1126 3504 1179 3556 sqq.

120 3550 250 3680 qtptrlpiaq.
287 3551 355 3602 Aliso.
378 3553 441 3617 phil.
464 3552 482 3606 1.
505 3566 595 3602 eornm.
620 3551 654 3602 de
676 3552 727 3603 iud.
752 3551 844 3603 Athen.
881 3552 1053 3606 Schoemanu.
1076 3555 1180 3624 Antiqu.

190 3704 219 3763 2)
252 3699 318 3752 Eum
336 3703 380 3769 qui
404 3702 493 3755 caedis
516 3703 647 3773 damnatus
669 3703 792 3756 iudicium
812 3704 1006 3774 subterfugerat
1027 3709 1049 3758 ei
1073 3714 1129 3771 post
1151 3707 1176 3755 in

120 3769 228 3835 patriam
246 3785 365 3822 reversus
383 3781 434 3833 est,
453 3788 467 3823 e
484 3772 545 3840 lege
563 3773 676 3824 occisum
694 3789 751 3825 esse
773 3790 797 3827 v.
816 3774 843 3824 in
860 3775 933 3827 Dem.
952 3774 993 3826 Or.
1014 3790 1037 3826 c.
1053 3774 1176 3829 Aristoer.

120 3854 147 3904 p.
166 3836 225 3890 629.
244 3839 285 3889 20.
303 3847 358 3907 s‘qq.
377 3840 420 3891 uhi
439 3841 582 3893 cavendum
605 3850 644 3894 est
666 3859 698 3894 ue
721 3841 812 3895 verba:
837 3835 993 3893 ἀποκτείνειν
1014 3846 1039 3890 ἐν
1061 3839 1093 3908 τῇ
1111 3833 1178 3917 ἦμε-η

122 3905 192 3972 daupi
213 3907 255 3956 καὶ
279 3899 385 3972 ἁπάγειν
410 3907 501 3961 eedem
523 3912 621 3963 ratione
643 3911 816 3980 intelligamus
840 3926 870 3962 ac
892 3911 913 3958 si
935 3910 1054 3970 scriptum
1079 3914 1176 3971 essetq

123 3967 237 4037 ἁπάγειν.
262 3971 294 4026 cl.
313 3975 416 4031 Weber.
430 3978 498 4031 adh.
517 3978 533 4031 l.
551 4008 586 4018 -
604 3979 722 4034 Ceterum
741 3979 853 4031 Platonis
871 3975 910 4029 bis
928 3974 962 4025 de
979 3973 1177 4049 rebuslomnino
