2788 4422
540 269 752 335 -23-

117 436 291 505 declaravit.
339 436 371 500 Is
399 435 481 499 enim
509 455 600 521 quum
631 436 785 522 pessimos
813 434 1011 505 adversarios
1039 438 1174 526 effugere

27 600 32 607 x
116 547 151 591 se
171 546 237 589 non
259 520 391 607 amplius
413 541 509 607 posse
530 521 667 604 sentiret,
692 521 773 588 saltu
795 544 829 587 se
844 524 979 593 coniecit
996 525 1037 591 ad
1059 526 1175 592 Vestae

113 632 211 691 eram,
251 607 399 674 auxilium
427 607 551 693 quidem
580 607 749 694 desperans
777 608 941 690 sibilare,
978 620 1009 676 et
1035 632 1074 677 eo
1100 633 1175 678 eou-

113 697 186 761 silio
210 704 244 761 ut
273 715 365 780 quum
393 693 426 757 in
453 715 544 761 saoro
571 694 645 779 loeo
680 693 848 760 trucidatus
880 705 976 776 esset,
1009 697 1174 763 exsisteret

13 834 19 844 .
112 783 213 860 testis,
238 800 300 866 quo
325 780 450 861 tyranni
472 781 633 866 progressi
655 790 761 845 essent
781 782 946 865 superbiae
958 783 995 857 ¹).
1039 782 1174 847 Maximi

112 877 214 933 autem
236 867 386 955 momenti
409 888 447 932 ea
473 866 567 932 nobis
597 865 741 932 videntur
769 887 856 944 esse,
890 870 979 965 quae
994 867 1173 952 Xenophon

112 952 154 1021 de
174 953 325 1038 Agesilao
348 951 496 1038 prodidit.
541 952 664 1016 Etenim
688 951 795 1018 uthis
818 949 857 1015 de
878 972 931 1036 pre
954 971 1027 1035 erga
1054 952 1172 1039 suppli·

110 1058 162 1103 ees
185 1037 370 1105 verecundia
392 1036 589 1103 observanda
610 1035 764 1102 iudicasse
784 1035 940 1122 praeclare
962 1037 1107 1118 traditur,
1129 1038 1172 1105 ita

109 1135 142 1188 et
163 1124 411 1209 Xenophontem
432 1122 534 1207 ipsum
558 1130 590 1185 et
618 1122 785 1207 plurimos,
819 1124 993 1207 quicunque
1018 1132 1080 1187 tarn
1106 1144 1172 1189 rem

109 1208 268 1295 publicam
291 1209 407 1272 severis
431 1229 467 1271 ae
488 1207 577 1272 iustis
599 1205 722 1292 legibus
739 1209 902 1292 temperari
916 1228 1007 1293 quarn
1020 1209 1171 1275 maiorum

109 1315 259 1359 summam
281 1314 355 1378 erge
383 1293 461 1359 deos
489 1294 709 1361 verecundiam
737 1290 850 1359 florere
875 1293 1054 1370 voluerunt,
1087 1303 1171 1359 reete

109 1381 273 1464 opinamur
291 1379 455 1443 iudicasse.
498 1376 673 1463 Βούλομαι
695 1379 742 1455 δὲ,
778 1377 821 1442 ait
841 1375 1025 1463 Xenophon
1036 1377 1079 1455 ²),
1114 1383 1171 1445 καὶ

108 1472 143 1530 ἐν
175 1465 365 1551 κεφαλαίοις
391 1463 587 1529 ἐπανελθεῖν
617 1463 679 1541 τῆν
710 1460 828 1544 ἀρετὴν
857 1460 974 1546 αὐτοῦ,
1011 1458 1055 1538 ὠς
1080 1461 1122 1529 eir
1149 1460 1169 1529 ό

108 1552 243 1624 inatres
265 1544 566 1630 εὐμνημονεστέρως
587 1551 666 1633 ἔχει.
718 1543 908 1651 Ἀμησίλαος
934 1549 994 1630 μὲν
1021 1543 1092 1629 ἱεροὶ
1113 1550 1171 1615 καὶ

106 1634 150 1698 τὰ
173 1641 207 1700 ἐν
230 1642 299 1710 τοῖς
324 1635 494 1715 πολεμίοις
520 1634 647 1715 ἐσέβετο
674 1630 856 1715 ἡγουμευος
881 1628 958 1706 τοὺς
984 1630 1090 1709 θεοὺς
1111 1631 1170 1717 οὐχ

106 1711 210 1800 ἦττον
231 1725 267 1785 ἐν
293 1719 335 1809 τῇ
361 1720 503 1800 πολεμίᾳ
528 1719 649 1804 χρῆναι
677 1712 699 1797 ἢ
726 1724 760 1783 ἐν
786 1717 828 1806 τῇ
857 1719 955 1800 crollet
980 1714 1171 1801 συμμάχους

106 1807 297 1885 ποιεῖσθαι,
321 1808 442 1879 ἱκέταις
465 1804 500 1868 dd
520 1803 611 1869 θεῶν
632 1801 707 1870 οὐδὲ
729 1797 874 1887 ἐχθροὺς
895 1796 1056 1888 ἐβιάζετο,
1078 1804 1169 1886 νομί·

105 1891 170 1970 ζων
195 1889 319 1972 ἄλογον
346 1885 429 1956 εἶναι
458 1887 537 1964 τοὺς
561 1891 623 1972 μὲν
650 1889 682 1970 ἐξ
710 1888 803 1975 ἱερῶν
824 1890 1025 1963 κλέπτοντας
1046 1884 1169 1972 ἱεροσό·

105 1980 184 2051 λονς
206 1977 331 2054 καλεῖν,
359 1970 437 2051 τοὺς
459 1975 493 2038 δὲ
513 1975 633 2058 βωμῶν
655 1979 762 2050 ἱκέτας
788 1971 1007 2048 ἀποσπῶντας
1032 1970 1170 2054 εὐσεβεῖς

105 2061 276 2145 ἡγεῖσθαι.
309 2060 389 2136 Quis
410 2069 511 2125 autem
534 2069 582 2125 est
603 2079 694 2146 quem
709 2058 847 2123 dixerint
868 2057 1011 2123 homiues
1032 2056 1168 2140 adpetiti?

104 2150 186 2214 Eum
212 2146 371 2224 nimirum,
410 2146 463 2232 qui
494 2155 687 2211 noeentes
714 2143 753 2211 ab
782 2165 835 2208 ara
861 2143 1022 2211 abstraxit
1077 2140 1169 2206 Unde

106 2242 251 2316 apparet,
283 2230 463 2311 Agesilaum
484 2250 550 2292 non
573 2227 613 2293 de
640 2230 679 2293 iis
699 2236 817 2293 tanturn
840 2229 1010 2309 cogitasse,
1046 2225 1100 2309 qui
1120 2226 1168 2291 in·

106 2319 186 2382 iuria
208 2322 393 2388 vexarentur
418 2313 458 2377 ab
477 2312 610 2377 inimicis
632 2310 689 2378 sed
710 2311 751 2375 de
775 2310 934 2390 omnibus,
957 2310 1010 2396 qui
1033 2330 1167 2397 quaeun-

5 2410 7 2413 ’
106 2425 167 2489 que
190 2399 231 2466 de
249 2420 342 2463 eausa
364 2396 537 2463 calamitate
559 2397 703 2484 oppressi
724 2395 842 2463 etiamsi
864 2416 984 2481 poenas
1005 2395 1091 2463 luere
1112 2395 1167 2463 de·

106 2491 218 2555 berent
239 2484 291 2550 dei
312 2493 420 2551 saneto
442 2483 601 2571 praesidio
624 2505 658 2549 se
680 2483 799 2547 munire
820 2482 946 2547 vellent

193 2574 345 2638 Oratores
366 2569 505 2637 diversas
528 2569 631 2635 ferunt
652 2568 830 2634 sententias.
875 2566 1038 2650 Lyeurgus
1066 2566 1167 2631 ineer-

104 2668 214 2745 ruptus
235 2657 290 2722 ille
312 2665 477 2742 corruptae
499 2655 607 2721 aetatis
635 2654 681 2719 vir
703 2653 810 2734 deum,
833 2653 913 2720 sieut
938 2673 996 2739 par
1018 2649 1072 2730 sit,
1108 2660 1168 2717 tra-

106 2746 227 2810 didisse
248 2744 420 2809 obnoxium
441 2741 597 2807 vindictae
613 2740 728 2828 quippe
744 2739 815 2827 quia
828 2739 974 2804 iniustum
985 2737 1036 2816 sit,
1058 2734 1167 2803 eadam

105 2831 196 2915 signa
218 2838 249 2893 et
269 2829 380 2914 probis
408 2836 440 2897 et
465 2828 635 2915 improbis,
669 2828 783 2915 quibus
809 2847 914 2911 poena
941 2824 1045 2912 aliqua
1070 2823 1167 2909 impe·

106 2917 197 3001 deat,
223 2937 292 2981 esse
314 2913 421 2993 saluti,
449 2925 482 2980 et
508 2916 680 3003 supplicem
713 2936 785 2980 erae
811 2913 886 2981 Xll.
914 2910 1045 2978 deorum
1066 2916 1168 3010 morte

104 3013 190 3068 reete
211 3002 351 3086 punitum
374 3001 458 3065 dieit.
516 2998 744 3084 Ἀφικόμενου,
780 2999 823 3062 ait
849 2999 922 3076 ille,
957 2997 1013 3062 καὶ
1035 2996 1087 3059 ἐστὶ
1107 3014 1168 3058 τον

104 3083 220 3172 βωμόν
242 3087 306 3151 τῶν
333 3082 458 3151 δυόδεκα
480 3087 572 3150 θεῶν
598 3080 837 3170 καταφυγόντα
864 3085 920 3147 καὶ
947 3077 1044 3175 οὐδὲν
1064 3069 1167 3176 ἧττον

105 3171 168 3239 ὑπὸ
188 3172 249 3252 τῆς
270 3168 393 3247 πόλεως
412 3165 646 3237 ἀποθανόντα.
671 3170 812 3242 δικαίως.
830 3162 868 3228 τὸ
884 3165 947 3245 γὰρ
969 3183 1035 3256 των
1055 3180 1167 3240 νομων

106 3269 176 3331 τοῖς
198 3255 370 3332 ἠδικηκόσι
390 3266 496 3333 τυχεῖν
518 3259 658 3332 τιμωρία
680 3254 767 3313 ἐστίν
789 3270 817 3313 κ.
837 3269 865 3310 τ.
883 3246 949 3326 λβ)
972 3244 1084 3330 qulbus
1098 3264 1166 3311 vel·-

105 3340 156 3407 bis
178 3339 211 3404 id
234 3336 359 3426 quidem
382 3355 448 3400 non
469 3342 570 3421 patet,
604 3330 779 3419 intemplo
806 3331 878 3418 ipso
900 3329 1038 3418 supplici
1058 3350 1166 3399 manue

110 3528 302 3538 -—.--—-

175 3627 203 3691 1)
238 3624 307 3678 Diod
334 3626 387 3679 sie.
412 3625 478 3678 xlv.
496 3623 520 3676 4.
544 3625 620 3692 ἔφησε
643 3624 670 3676 tl
702 3618 766 3692 πρὸς
782 3617 842 3680 τοὺς
859 3612 939 3680 θεοὺς
954 3621 1117 3689 κυταφείαειν
1130 3602 1167 3669 ὀὗ

107 3696 279 3763 σωθήσεσθαι
295 3694 406 3764 νομίζων
424 3688 490 3745 ἄλλα
507 3694 619 3746 σπεύδων
635 3699 691 3752 τοῖς
708 3687 843 3746 ἀνελοῦσιν
858 3683 936 3742 αὐτὸν
947 3689 1167 3760 περιποιήσασθαι

106 3761 154 3831 τὴν
170 3767 204 3821 εἰς
221 3759 281 3822 τοίς
297 3760 379 3821 θεοὺς
397 3757 522 3829 deterrear.

174 3866 203 3930 2)
237 3862 317 3937 Ager.
336 3881 360 3917 ε.
378 3863 409 3917 ll.

175 3968 204 4033 3)
239 3967 296 4023 adv.
315 3968 407 4025 Leocr.
423 3981 449 4034 p.
466 3964 508 4020 93.
527 3964 584 4020 198
