2788 4422
528 308 846 395 ..rr-J

15 528 16 531 κ
106 490 199 547 tatem
221 481 255 546 in
277 444 474 544 continentes
502 487 599 548 terras
627 487 787 546 extensam
815 483 878 541 tum
907 480 1036 562 propter
1062 471 1164 556 singu·

107 567 202 633 larem
224 556 406 631 vetustatem
428 575 480 632 aut
501 566 670 669 ampliores
694 584 788 652 opes,
811 572 843 628 et
862 582 939 626 vero
963 579 1055 646 quam
1074 556 1166 624 facile

105 664 219 740 poetae
240 651 304 715 hoc
324 672 389 715 rem
411 649 562 718 efferendr
590 651 689 738 gradu
715 651 759 716 uti
781 648 869 716 libet.
915 645 1081 748 Templum
1102 644 1164 707 Ve-

105 740 190 804 neris
212 737 355 801 Ericinae
377 737 410 801 in
428 738 540 804 Sicilia
560 735 745 824 ἁγιώτατον
772 733 848 799 dicit
869 733 1037 798 Pausanias
1051 732 1079 808 ¹)
1102 740 1164 795 De·

105 823 286 889 mosthenes
321 824 354 886 in
393 825 538 891 oratione
572 833 682 890 contra
720 820 874 886 Neaeram
907 817 1054 892 habita²)
1069 816 1166 914 ”haec

105 909 201 975 verba
215 909 308 977 lacit:
346 912 400 975 καὶ
428 905 486 976 διά
511 911 620 977 ταῦτα
647 916 681 975 ἐν
701 907 748 972 τῶ
774 901 985 990 ἀρχαιοτάτῳ
1007 907 1081 983 λερῳ
1106 924 1166 1004 τον

105 991 265 1061 Διονύσου
288 997 345 1060 καὶ
374 992 547 1079 ἁγιωτάτῳ
575 997 623 1078 τῷ
644 1002 678 1060 ἐν
704 996 853 1075 Λίμναις
874 995 1015 1069 ἔστησαν
1037 992 1092 1051 ἵνα
1117 1009 1166 1085 μη

104 1081 222 1146 πολλοὶ
249 1081 359 1146 εἰδῶσι
387 1075 429 1143 τά
457 1085 672 1163 γεγραμμένα.
703 1074 793 1157 ἅπαξ
823 1071 887 1159 γάρ
907 1075 982 1140 τοῦ
1014 1079 1164 1138 ένιαυτου

105 1163 246 1231 έκάστου
267 1163 433 1245 ἀνοίγεται
459 1166 499 1255 τῇ
526 1161 690 1256 δωδεκάτῃ
719 1163 780 1226 τοῦ
803 1158 1082 1241 Ἀνθεστηριῶνος
1107 1182 1166 1241 μη

105 1247 172 1326 adr.
194 1249 248 1335 qui
269 1270 339 1313 mos
361 1249 469 1315 nescio
492 1273 556 1336 quo
576 1261 670 1338 pacto
692 1269 762 1313 cum
777 1244 916 1323 ἀσυλίας
935 1247 1002 1310 iure
1017 1244 1165 1317 coniunc-

106 1345 156 1401 tus
178 1334 279 1400 fuerit
324 1334 389 1400 Sed
411 1338 566 1402 mittamus
587 1338 739 1417 hoo31est
759 1333 841 1398 enirn
862 1353 997 1420 prorsus
1016 1331 1165 1417 ineptum,

19 1462 23 1471 ·
106 1420 223 1507 templa
245 1415 413 1502 ἁγιώτατα
434 1422 591 1508 appellata
613 1421 703 1503 asyla
723 1419 841 1485 haberi.

190 1506 336 1570 Attamen
367 1506 563 1591 exigentibus
594 1507 705 1584 nobis,
738 1515 772 1569 ut
799 1500 930 1589 templa,
964 1522 1044 1586 quae
1077 1499 1167 1583 asyla

15 1628 16 1649 ι
107 1599 335 1678 nuncupentur,
352 1601 438 1658 certo
456 1593 562 1679 aliquo
577 1591 686 1658 tuendi
699 1611 812 1675 genere
828 1588 996 1676 singularia
1010 1587 1082 1667 sint,
1105 1587 1167 1661 scis

15 1730 16 1753 2
105 1678 181 1744 licet
202 1688 236 1742 ut
257 1678 440 1764 impunitate
461 1690 493 1747 et
513 1680 658 1755 libertate
679 1677 753 1743 data
773 1696 839 1741 uon
883 1696 916 1739 er
938 1672 1068 1760 aliquod
1090 1682 1165 1738 tem·

15 1762 16 1781 ¹
107 1786 182 1853 pus,
206 1763 279 1828 dum
301 1763 352 1829 vel
373 1765 400 1829 is
423 1768 476 1852 qui
498 1767 530 1830 in
553 1787 607 1831 ara
628 1763 823 1843 consederit,
846 1697 891 1829 iii
913 1780 1094 1847 permanere
1114 1757 1166 1827 rel

15 1888 16 1893 κ
106 1851 161 1938 qui
187 1849 298 1931 instet,
331 1851 483 1936 patienter
508 1853 659 1919 latebram
685 1851 768 1917 ferre
794 1849 870 1915 velit
896 1847 953 1913 sed
979 1867 1035 1934 per
1067 1855 1166 1911 totam

15 1970 17 1987 =
104 1938 214 2011 uitam,
249 1935 346 2001 modo
374 1960 415 2003 ne
442 1940 578 2026 supplex
604 1961 623 2004 e
649 1940 747 2004 saeris
768 1937 884 2002 finibus
906 1935 1039 2000 excedat
1058 1955 1077 1998 e
1098 1933 1167 1998 iuro

15 2050 16 2093 3
112 2022 258 2089 omuibus
281 2022 425 2107 gentibus
447 2037 526 2092 noto
548 2047 607 2090 nec
627 2047 704 2091 vero
727 2046 768 2088 ex
789 2022 915 2109 ancipiti
937 2021 1054 2085 inimici
1075 2020 1166 2084 mise·

15 2156 16 2179 1
109 2106 247 2175 ricordia
267 2109 452 2175 tutissimum
473 2111 607 2177 reddant
627 2108 815 2196 supplicem,
838 2107 963 2172 minime
984 2107 1097 2171 desunt
1118 2127 1165 2169 sa·

15 2244 16 2275 3
109 2217 233 2261 crorum
255 2199 567 2261 commemorationes
580 2219 659 2282 quae
669 2194 797 2278 fugienti
815 2214 937 2258 omnem
954 2191 1168 2256 absterserunt

108 2280 323 2344 calamitatem,
382 2281 484 2344 Fuere
512 2282 593 2346 enim
621 2281 741 2366 aliquot
763 2279 851 2354 loca,
890 2297 969 2363 quae
999 2276 1072 2339 loca
1103 2274 1166 2350 tale

107 2362 267 2453 quoddam
290 2364 440 2431 auxilium
466 2367 689 2453 praebuerunt,
718 2364 805 2454 qnod
834 2371 866 2429 ut
892 2384 957 2428 non
990 2362 1065 2428 licet
1091 2383 1165 2426 con·

16 2450 17 2491 l
105 2450 195 2517 fundi
218 2472 287 2515 cum
308 2450 381 2533 ille,
404 2453 493 2539 qnod
513 2453 553 2519 ab
576 2474 768 2541 unoquoque
789 2449 907 2535 templo
930 2449 971 2515 ad
995 2470 1166 2534 oppressos

105 2536 307 2616 redundavit,
341 2540 386 2602 ita
406 2538 555 2624 perfacile
576 2559 636 2605 nos
657 2540 699 2604 ad
727 2538 760 2602 id
789 2535 938 2602 auxilium
967 2534 1068 2616 ducit,
1102 2555 1165 2621 quo

107 2623 197 2708 asyla
194 2623 394 2774 ἱῘιοεέετίοτο
415 2647 493 2691 aevo
515 2626 653 2711 viguisse
673 2625 826 2692 videntur.

228 2709 378 2775 eredetus
401 2712 441 2777 de
464 2712 610 2780 Herculis
632 2735 724 2779 sacro
753 2712 916 2798 Canopico
927 2710 957 2788 ³)
987 2710 1096 2779 refert:
1124 2703 1167 2792 alu

108 2795 144 2860 δὲ
167 2797 220 2860 ἐπὶ
242 2797 301 2874 τῆς
321 2793 433 2875 ἠϊόνος
458 2798 478 2863 d
499 2805 554 2865 καὶ
582 2800 644 2865 νῦν
665 2803 734 2867 ἐστὶ
757 2797 931 2883 Ἡρακλέος
956 2797 1038 2884 ἱρόν.
1061 2808 1107 2878 ste
1127 2796 1165 2885 τὸ

107 2875 151 2960 ἢν
171 2876 373 2967 καταφυγὼν
394 2888 519 2965 οἰκέτης
541 2880 622 2972 ὁτέῳ
649 2882 840 2970 ἀνθρώπων
862 2882 1059 2969 ἐπιβάληται
1081 2891 1167 2970 orty-

105 2991 198 3051 ματα
235 2963 291 3049 ἱρά
324 2964 446 3035 ἑαυτὸν
477 2966 589 3048 διδοὺς
627 2974 674 3055 τῷ
708 2972 781 3054 θεῷ
815 2970 876 3038 οὐκ
911 2971 1013 3050 ἔξεστι
1046 2969 1166 3039 τούτου

105 3047 280 3134 ἅψασθαι.
302 3049 320 3114 ὁ
343 3051 446 3136 νόμος
466 3047 566 3131 οὗτος
587 3057 741 3122 διατελέει
763 3051 824 3120 δάν
845 3053 965 3139 ὁμοίως
981 3061 1078 3142 μυχοὶ
1093 3058 1168 3140 ἐμεῦ

106 3137 156 3220 aqi
177 3133 336 3219 άπαρχης.
392 3138 496 3216 Quum
525 3139 671 3207 Herculis
692 3162 813 3206 sacrum
839 3162 905 3205 non
926 3141 1022 3223 longe
1044 3142 1171 3217 abesset,

107 3245 128 3287 a
150 3223 342 3289 Graecorum
364 3223 574 3290 celeberrimis
599 3228 633 3290 in
658 3227 807 3307 Aegypto
835 3223 984 3304 coloniis,
1016 3226 1166 3313 Aegypto

108 3318 209 3373 autem
244 3306 305 3392 ipsi
334 3307 493 3388 asylorum
526 3309 697 3374 institutum
724 3308 857 3373 alienum
886 3308 983 3375 fuisse
1015 3312 1167 3394 videatur,

107 3415 183 3461 usus
207 3392 384 3479 Canopicus
405 3393 490 3459 haud
513 3392 606 3461 dubie
628 3418 646 3461 e
670 3394 802 3461 Graecia
822 3395 855 3459 in
875 3395 1052 3483 Aegyptum
1068 3408 1166 3467 trans·

109 3478 220 3545 ductus
243 3490 306 3560 est,
327 3479 381 3546 ubi
402 3480 462 3546 iam
484 3482 706 3569 antiquissimis
722 3481 916 3569 temporibus
930 3483 1074 3553 floruisse
1096 3509 1167 3553 eum

107 3565 295 3632 Herodotus
321 3567 500 3637 narratione
525 3568 567 3635 do
599 3566 783 3636 Alexandro
809 3569 939 3660 eiusque
965 3574 1064 3642 servis
1091 3575 1167 3642 satis

107 3740 310 3760 ὓ--ν--ο

109 3852 155 3905 ubi
173 3852 248 3904 dixit:
266 3852 310 3906 die
328 3855 505 3911 sehriltsteller
522 3857 608 3910 lieben
624 3857 715 3911 solclre
731 3858 914 3928 heiligt-humer
932 3860 1054 3929 (quorum
1068 3860 1168 3914 scilicet

109 3923 150 3976 ius
167 3921 297 3989 supplices
314 3924 402 3976 tuendi
421 3926 616 3980 celeberrimum
634 3929 686 3996 est)
704 3928 787 3981 nuber
804 3945 836 3981 au
853 3929 1043 3981 bezeichnen“.

180 4016 208 4082 1)
244 4015 308 4069 lllll.
325 4017 368 4073 24.
385 4018 411 4071 3.
515 4022 543 4085 2)
577 4036 602 4088 p.
620 4022 697 4076 1371.
714 4022 741 4073 4.
843 4020 876 4087 3)
909 4020 939 4075 ΙΙ.
961 4021 1017 4077 ll3·
