2788 4422
626 291 840 356 ...52-

204 478 264 546 pua
286 458 320 525 id
341 459 428 548 quod
455 458 549 525 instat
569 418 690 524 ¹mulum
715 457 910 547 propellere,
942 454 1000 523 sed
1028 455 1156 525 omuino
1182 452 1261 521 liba·

203 563 274 609 rare
295 554 327 611 ct
348 567 472 611 omnem
494 553 607 616 metum
630 544 765 611 evellere
793 542 1008 609 credebantur.
1036 560 1038 567 ¹
1056 542 1152 627 Igitur
1177 540 1258 607 Jove

206 628 330 714 quidem
356 633 428 717 ipso
456 630 509 715 qui
534 629 680 695 omuibus
710 649 912 717 quaecunque
937 627 1156 694 humanitatem
1186 646 1273 712 pro·-

206 725 311 779 oreant
333 726 385 783 aut
406 715 572 792 sustinent,
601 716 682 779 inter
710 736 819 781 omnes
843 713 978 778 maxime
1004 712 1151 778 delectari
1176 709 1261 776 uide·

206 798 297 864 batur
305 799 333 877 ¹)
356 801 592 887 praetermisso,
620 799 703 865 Juno
726 801 857 884 (Argiua
878 809 910 863 et
933 799 1052 875 Samia)
1074 808 1106 863 et
1129 796 1173 861 dii
1189 794 1262 864 sub·

205 887 340 951 terranei
362 886 522 966 asylorum
543 887 798 972 praestantissimi
818 893 938 949 tutores
959 882 1092 949 fuerunt.
1114 900 1264 948 summam

208 990 343 1057 namque
365 971 536 1056 largiuntur
556 971 745 1051 libertatem,
768 992 861 1056 quum
881 989 967 1034 mors
988 970 1177 1037 miserianun
1194 966 1265 1032 linia

201 1055 248 1119 sit
274 1067 306 1121 ct
331 1057 411 1121 sicut
437 1057 620 1121 invocantur
646 1067 680 1121 ut
712 1056 856 1141 sepulcra
883 1064 993 1120 contra
1018 1076 1142 1120 omnem
1167 1053 1264 1137 impe·

206 1149 271 1204 tum
299 1137 543 1222 defendant²)‚'
559 1144 603 1207 ita
629 1140 822 1228 supplicibus
850 1141 1042 1227 impunitatis
1070 1138 1158 1204 dono
1187 1136 1267 1202 cala-

207 1226 329 1291 mitates
352 1227 504 1294 auferunt.
549 1228 693 1293 Bacchus
715 1249 734 1291 e
756 1230 897 1300 Λυσίου,
921 1246 1012 1312 quern
1035 1225 1190 1301 colebant,
1213 1238 1272 1287 οι».

207 1322 290 1387 tura,
321 1311 486 1396 Neptunus
509 1313 681 1379 Taenarius
703 1310 755 1377 vel
777 1313 851 1398 quia
875 1308 1081 1395 ‘Aopdlcto‘c
1102 1310 1190 1383 est³i
1215 1306 1271 1376 uel
1382 1328 1383 1337 ¹

209 1396 281 1479 quia
303 1395 381 1459 fines
400 1395 531 1479 Olympi
557 1406 589 1458 et
610 1397 733 1461 Tartari
760 1395 899 1458 custodit
907 1398 938 1477 .⁴)
967 1396 1019 1455 vel
1045 1394 1168 1456 Tartari
1193 1413 1268 1478 por·

208 1491 257 1544 tas
278 1480 384 1565 aperit
400 1480 578 1564 clauditque
588 1481 632 1556 ⁵),
664 1478 823 1559 asylorum
845 1477 941 1543 fuisse
965 1477 1110 1541 vvidentur
1137 1485 1267 1542 tutores.

209 1564 360 1650 Neptuno
383 1565 638 1650 subiungeremus
660 1564 832 1640 Theseum,
870 1583 961 1648 quem
988 1584 1028 1627 ex
1050 1561 1139 1631 ‚illius
1162 1561 1267 1628 heroi·

210 1650 269 1715 bus
290 1672 384 1716 unum
406 1651 502 1716 fuisse
524 1662 632 1714 notum
654 1658 716 1727 est,
749 1649 810 1714 nisi
838 1646 871 1710 id
901 1669 920 1711 e
985 1649 1115 1713 steriore
1138 1647 1270 1715 deorum

210 1738 429 1819 cognationem
461 1757 553 1821 quarn
579 1733 729 1799 latissime
767 1669 983 1800 extenderim
994 1743 1026 1799 et
1059 1732 1270 1819 amplificandi

210 1821 315 1885 studio
348 1820 541 1895 fluxisset⁰).
597 1818 704 1883 Multo
737 1818 935 1907 probabilior
969 1828 1017 1883 est
1046 1819 1162 1884 Thesei
1177 1822 1206 1896 a)
1238 1829 1270 1884 ct

210 1905 358 1970 Herculis
380 1903 567 1980 similitudo,
595 1924 727 1990 qnorum
749 1905 828 1970 alter
849 1904 964 1969 Jonurn
986 1903 1063 1969 alter
1085 1903 1272 1970 Doricarurn

209 1991 346 2074 gentium
368 1990 514 2089 princeps
541 1989 636 2053 heros
663 2000 726 2066 est,
764 1989 918 2055 Hercules
944 2000 1046 2054 autem
1074 1991 1191 2077 quippe
1216 1991 1272 2077 qui

209 2076 279 2161 ipsc
301 2076 433 2139 servitiis
457 2095 628 2161 oppressus
648 2073 740 2140 fuerit
762 2076 959 2140 servientium
976 2075 1121 2140 fortunae
1137 2076 1271 2143 maxime

211 2160 378 2225 consulere
399 2159 564 2227 videbatur
584 2161 675 2245 eique
697 2182 858 2228 seruorum
888 2160 991 2240 asyla,
1021 2181 1153 2244 quorum
1175 2181 1273 2227 unum
1385 2198 1386 2201 ¹

211 2246 371 2325 novimus,
395 2256 429 2311 ut
449 2268 506 2332 par
528 2255 611 2324 erat,
643 2256 825 2311 consecrata
847 2245 968 2322 sunt⁸).
1014 2245 1138 2321 Quibus
1160 2245 1272 2311 Hebes

211 2331 366 2395 Phliasiae
389 2353 509 2395 sacrum
531 2331 598 2415 pari
621 2334 804 2396 auctoritate
826 2341 1010 2395 exornatum
1032 2330 1180 2395 facillime
1200 2352 1273 2397 con·

211 2416 295 2480 necti
317 2415 455 2500 quiscat
477 2436 568 2500 quern
589 2415 695 2498 fugiat.
751 2415 917 2478 Minervae
945 2414 1043 2477 Aleae
1070 2436 1161 2478 sacro
1188 2437 1274 2485 com·

212 2500 395 2565 modissime
409 2511 521 2578 uterer,
543 2511 577 2565 ut
599 2499 758 2581 asylorum
781 2500 974 2565 sanctitatem
996 2520 1015 2563 e
1037 2497 1167 2567 deornm
1190 2503 1220 2568 ui
1241 2513 1274 2570 et

213 2596 323 2650 natura
344 2584 560 2670 explicandam
582 2608 653 2650 esse
675 2585 855 2671 probarem,
878 2585 937 2650 nisi
961 2583 1169 2650 Gerhardium
1191 2609 1279 2655 sum·-

212 2691 297 2737 mum
318 2672 417 2738 uirum
438 2671 600 2738 uerissime
621 2671 785 2738 Minervae
800 2670 898 2737 Aleae
919 2690 1036 2739 nomen
1052 2690 1118 2738 nou
1140 2670 1180 2738 ab
1195 2671 1274 2753 ἄλη-

213 2859 411 2870 ...πο-Μ

282 2962 310 3029 1)
346 2958 438 3014 creua.
455 2959 543 3027 symb.
561 2961 593 3013 ll.
611 2976 636 3028 p.
652 2962 714 3017 379.

281 3062 312 3127 2)
344 3076 371 3113 v.
390 3060 418 3116 G.
437 3062 460 3115 J.
477 3078 504 3114 n.
521 3064 582 3117 916.
612 3061 647 3115 cl.
664 3063 717 3118 989
734 3080 789 3132 sqq.

189 3152 195 3163 '
281 3162 312 3229 a)
346 3161 421 3217 rsus
439 3162 494 3218 vu.
510 3164 554 3217 m.
570 3165 598 3218 a
622 3164 707 3220 uua
725 3165 750 3218 a.
783 3161 847 3214 rius
866 3161 940 3216 rus..
959 3170 1021 3215 0211.

283 3267 313 3329 t)
347 3264 487 3334 boettiger.
506 3263 664 3333 llunatmyth.
681 3262 714 3317 11.
731 3280 758 3332 p.
774 3263 834 3319 328.

282 3366 313 3431 b)
346 3365 406 3418 lies.
425 3364 525 3434 Theop.
543 3368 601 3421 732.

284 3471 314 3534 6)
349 3470 439 3526 Prodr.
457 3488 482 3540 p.
500 3474 543 3529 83.

213 3616 217 3622 ,
286 3580 315 3643 7)
349 3579 456 3630 Sacrum
474 3578 568 3632 Thesei
595 3576 628 3639 οἷς
649 3578 821 3651 προστατικοῦ
841 3595 909 3634 τινος
930 3578 972 3626 ael
995 3577 1156 3643 βοηθητικοῦ
1171 3575 1281 3646 γενομέ·

217 3665 264 3697 sou
281 3650 324 3697 nul
341 3649 466 3717 προςόεχο
487 3645 549 3698 e'rov
574 3648 761 3718 φιλανθρώπως
784 3641 830 3703 τὰς
850 3644 901 3695 τῶν
912 3642 1099 3714 ταπεινοτέρων
1111 3641 1210 3710 δεήσεις
1225 3643 1278 3711 (ol.

217 3713 294 3766 bion.
312 3713 365 3766 Sic.
381 3713 423 3769 IV.
440 3669 485 3769 tl
493 3717 570 3781 extr.)
588 3725 741 3769 exstructum
760 3728 817 3765 ersa
834 3711 962 3766 Plutarch.
981 3711 1053 3772 dicit,
1071 3727 1096 3765 v.
1116 3711 1193 3766 Thac.
1208 3714 1253 3768 au.
1309 3743 1312 3749 ·

236 3887 242 3900 ι
285 3821 316 3885 Β)
352 3822 422 3902 llaec
440 3821 596 3890 significatio
614 3831 675 3903 puto
693 3825 719 3874 io
737 3821 854 3903 Herculia
872 3804 951 3888 asylis
970 3820 1075 3902 grayior
1092 3828 1148 3873 crat
1161 3816 1279 3903 generali

217 3903 402 4014 {terrui
418 3889 714 4029 iterabitur
732 3888 1128 4027 themistrius:
