2788 4422
623 294 838 355 ...33..

204 477 343 561 poterat,
370 461 553 551 indulgendi
573 462 654 528 ratio
677 462 844 528 constituta
865 467 940 526 erat
998 457 1038 523 Ei
1065 457 1158 542 igitur
1184 476 1265 543 sup-

205 555 405 645 plicationem
431 549 652 628 antecessisse,
686 548 742 634 qni
771 543 812 610 ad
838 543 920 608 hanc
942 542 1137 629 confugerat,
1173 553 1268 629 prout

205 643 272 709 eins
294 644 387 706 causa
405 645 486 715 erat,
506 635 563 701 illa
582 633 714 699 fructum
736 653 807 698 esse
829 630 1021 695 arbitramur.

292 724 383 791 Unde
404 731 504 788 autem
526 719 699 804 colligitur,
734 738 818 785 aram
845 716 1042 799 Munychias
1072 713 1169 781 inisse
1198 735 1267 795 asy-

205 810 289 877 lum?
331 810 488 895 Interpres
518 804 758 884 Demosthenis,
796 823 887 890 quem
921 801 1087 890 Ulpianum
1120 821 1268 867 vocamus
1381 806 1382 881 ᾗ

206 914 310 982 neque
330 896 434 981 magni
460 892 683 959 aestimandum
698 912 796 971 esse,
827 888 903 953 inde
930 889 971 955 ab
999 886 1280 973 efflorescentibus

208 982 423 1068 antiquitatum
447 981 634 1045 Graecarum
655 975 767 1043 studiis
788 974 847 1041 viri
871 973 958 1040 docti
984 974 1065 1040 inter
1094 996 1129 1039 se
1156 993 1269 1038 conve·

207 1068 312 1144 aiunt,
339 1067 418 1131 haec
438 1065 536 1132 verba
556 1064 643 1131 facit:
676 1061 768 1129 κάκεῖ
794 1062 934 1145 ἕᾳινγον
957 1066 1075 1136 οἵτινες
1094 1058 1161 1124 τῶν
1182 1081 1270 1141 τριη·

208 1149 341 1238 ράρχιον
360 1149 538 1232 ἠδικοῦντο
564 1147 587 1230 ἢ
613 1150 731 1216 ναῦται
751 1146 773 1228 ἥ
795 1170 881 1224 τινος
899 1148 966 1213 τῶν
981 1145 1213 1229 ἐξεταζομένων
1235 1147 1270 1206 ἐν

176 1238 255 1318 ,τῷ
293 1240 444 1320 Πειραιεῖ
455 1238 493 1314 1).
550 1237 641 1315 Quae
669 1234 885 1321 interpretatio
907 1254 1020 1300 vereor
1045 1254 1086 1296 ne
1107 1251 1148 1295 cx
1180 1236 1270 1317 parte
1382 1310 1383 1313 Ἴ

208 1320 292 1385 idem
314 1330 448 1403 repetat,
478 1320 563 1403 quod
587 1320 774 1386 luculentius
796 1320 913 1385 dietum
935 1329 984 1385 est
1009 1320 1041 1383 in
1067 1318 1270 1401 interpretaur·
1382 1328 1383 1349 ¹

210 1404 269 1472 dis.
312 1402 537 1475 Etenimillud
563 1400 758 1467 ἀδικεῖσθαι
786 1404 902 1485 pariter
923 1413 1016 1486 atque
1044 1399 1269 1462 Demosthenis

208 1490 308 1577 ipsius
329 1489 459 1554 verbum
488 1485 530 1564 ὡς
551 1483 769 1570 ἀδικούμενος
795 1483 961 1551 manifesto
988 1486 1122 1573 pertinet
1148 1483 1188 1551 ad
1222 1485 1268 1547 in·

209 1577 325 1641 iustum
351 1576 566 1657 τριηραρχίας
600 1593 695 1652 onus,
733 1594 771 1637 ca
806 1580 908 1637 antem
939 1593 1020 1721 quae
1056 1568 1270 1647 adduntnr²),

208 1660 298 1727 nullo
326 1658 423 1724 modo
451 1657 638 1741 singularem
664 1656 858 1739 Munychias
886 1666 952 1722 tute
965 1680 1014 1723 am
1042 1656 1180 1744 probant
1212 1656 1270 1720 sed
1383 1700 1384 1735 ,

211 1764 302 1813 usum
325 1767 362 1810 ac
382 1742 650 1821 consuetudinem,
674 1753 709 1809 ut
728 1744 822 1809 rebus
838 1744 999 1810 navalibus
1015 1744 1158 1830 occupati
1175 1763 1272 1828 quan·

213 1833 381 1916 docunque
403 1829 548 1917 oppressi
568 1839 669 1909 erant,
702 1828 743 1894 ad
769 1831 946 1916 proximum
972 1830 1121 1917 templum
1152 1830 1272 1893 Dianae

164 1930 169 1937 “
209 1915 387 1992 tenderent,
421 1915 708 2000 compensationem
731 1926 831 1981 antem
859 1915 1016 1982 bonorum
1042 1915 1272 2002 supplicatione

209 2003 346 2089 priorem
368 1999 479 2081 luisse,
517 2022 557 2066 ne
583 2022 647 2067 uno
676 2000 801 2088 quidem
829 2004 1006 2090 interpretis
1033 2004 1133 2069 verbo
1156 2001 1271 2085 signifi-

210 2098 306 2154 catur.
352 2086 448 2165 Quod
470 2088 498 2153 si
519 2108 683 2172 negamus,
712 2088 870 2174 praeclare
893 2090 1032 2157 videmus
1060 2111 1152 2175 quam
1179 2086 1270 2151 artili-

212 2174 336 2238 ciosum·
352 2174 395 2238 sit
416 2174 639 2241 Demosthenis
662 2174 788 2241 dicendi
809 2178 906 2259 genus
928 2195 1081 2263 quamque
1103 2175 1143 2239 ad
1162 2194 1273 2238 eorum

211 2260 264 2345 qni
286 2258 416 2325 andiunt
443 2262 564 2327 animos
594 2261 656 2329 sibi
688 2261 905 2328 conciliandos
939 2262 1142 2350 aptissimum.
1192 2259 1270 2324 Pro·

212 2345 300 2410 banti
324 2347 407 2409 enim
429 2348 474 2423 ei,
508 2348 708 2411 iustissimum
740 2370 777 2411 ac
801 2348 1084 2413 moderatissimum
1113 2368 1148 2410 se
1174 2343 1271 2409 fuisse

210 2432 243 2494 in
264 2430 358 2495 rebus
389 2428 430 2494 ad
456 2434 670 2516 τριηραρχίαν
693 2431 920 2516 spectantibus,
955 2432 1099 2495 subvenit
1124 2439 1271 2515 tanquam

213 2518 363 2601 optimum
387 2526 759 2600 argrnrrentum‘eventns.
804 2515 929 2590 Audite,
951 2517 1061 2602 inquit,
1083 2516 1271 2580 Athenicrn·

211 2603 275 2666 ses!
299 2624 401 2688 neque
424 2604 584 2688 quisquam
608 2603 649 2667 ad
668 2625 729 2667 vos
747 2603 886 2687 confugit
897 2623 1040 2688 unquam,
1062 2603 1159 2666 nimio
1175 2623 1272 2666 onere
1385 2602 1386 2641 l

211 2708 380 2772 oppressus
409 2686 458 2762 (id
479 2689 611 2773 primum
634 2698 698 2769 est,
736 2710 807 2753 nam
837 2690 950 2752 concio
973 2697 1040 2751 erat
1061 2687 1196 2773 supplici
1217 2708 1270 2751 ex·

211 2783 328 2837 trcrnae
351 2771 459 2836 salutis
481 2774 654 2857 perfugium
677 2774 729 2857 qui
751 2794 792 2858 pe
813 2771 868 2836 nbi
889 2796 907 2839 e
928 2774 995 2838 iure
1021 2774 1175 2838 mitiorem
1204 2795 1271 2838 sor·

188 2866 272 2921 'tem
297 2864 554 2942 consequeretur)
577 2878 678 2943 neque
700 2879 718 2922 a
762 2858 883 2924 Dianae
905 2859 1099 2941 Munychias
1121 2880 1203 2924 aram
1225 2860 1270 2924 fu·

209 2943 255 3028 git
284 2943 446 3029 quisquam
476 2943 525 3025 (id
551 2950 632 3009 enim
660 2944 790 3009 alterum
817 2956 878 3028 est,
912 2967 1006 3033 quum
1033 2968 1087 3010 ara
1114 2947 1273 3011 communi

211 3031 351 3094 omnium
383 3027 526 3094 fanorum
558 3030 720 3096 sanctitate
753 3040 864 3097 contra
896 3032 1076 3099 violentiam
1109 3038 1271 3106 tueretur).

208 3117 277 3182 Imo
300 3136 341 3180 ne
363 3135 455 3180 causa
476 3115 602 3202 quidem
624 3127 689 3180 erat
716 3116 871 3200 fugiendi,
897 3141 969 3184 nam
996 3119 1111 3184 nemini
1137 3139 1271 3204 unquam

208 3203 332 3268 vincula
362 3201 462 3266 indita
484 3211 565 3267 snut.
621 3202 710 3266 Haec
738 3203 979 3272 Demosthenes.
1032 3205 1081 3268 Re
1110 3213 1212 3269 autem
1237 3205 1271 3265 in

211 3290 400 3379 contrarium
422 3308 574 3354 conuersa
595 3289 705 3353 nescio
727 3310 767 3354 an
790 3291 891 3356 miuus
913 3290 954 3356 sit
976 3290 1077 3356 oratio
1097 3289 1250 3375 gravis³).

243 3615 245 3621 Ι
277 3548 307 3611 l)
341 3545 370 3597 In
389 3543 455 3627 (god.
472 3549 532 3618 Ang
558 3519 749 3617 scriptumest
786 3555 929 3616 Μοοννχία
950 3552 1031 3609 τόπος
1052 3551 1111 3620 περὶ
1131 3546 1177 3601 τὸν
1200 3555 1270 3602 Πει-

209 3614 271 3685 ραιᾶ
291 3649 376 3669 .....
394 3617 529 3680 aquitannum
547 3612 567 3684 ri
583 3621 673 3671 ναῦται
689 3613 708 3686 ἦ
724 3638 789 3678 τινες
806 3620 855 3670 τοῖν
872 3616 959 3679 lirani.
977 3639 999 3669 ιι.
1017 3638 1039 3676 τ.
1057 3620 1080 3670 λ.

277 3695 310 3767 2)
345 3698 458 3751 Verbum
475 3699 637 3760 ἐξετάζεσθαι
656 3702 724 3755 haud
743 3702 821 3755 dubie
839 3704 881 3756 hic
899 3704 969 3756 idem
980 3703 1111 3769 significat
1123 3702 1192 3770 quod
1202 3704 1270 3772 apud

209 3764 281 3848 Dern.
317 3763 382 3818 κατα
404 3788 474 3851 qrap.
495 3772 610 3849 praalon.
646 3787 671 3837 p.
697 3771 772 3824 lltl.
793 3774 841 3825 22:
870 3773 920 3822 τῶν
941 3775 988 3843 μὲν
1006 3768 1088 3823 ἄλλων
1109 3773 1164 3823 ἴδοι
1184 3792 1222 3832 τις
1240 3765 1271 3824 ria

208 3850 270 3892 1cnr
288 3838 384 3894 οἰκέτας
401 3856 453 3888 νπο
470 3857 520 3887 των
538 3838 667 3890 δεσποτῶν
685 3838 876 3908 ἐξεταζομένους
893 3843 952 3906 (zur
968 3841 1031 3893 rede
1049 3840 1170 3911 garielli).

277 3919 309 3979 3)
345 3921 475 3988 Aguratus
494 3937 572 3974 causa
590 3938 695 3988 prorsus
714 3923 815 3977 diversa
826 3927 975 3992 perterritus
987 3927 1020 3979 ad
1035 3943 1106 3979 aram
1118 3925 1270 3994 Monychiae

214 3984 331 4054 contagia
349 3989 394 4039 sed
418 3990 547 4042 nonnullis
570 4005 585 4041 e
607 3991 735 4043 concione
759 3995 906 4062 congressit
928 3994 995 4049 ultro
1022 3996 1125 4065 quidem
1152 3998 1270 4056 surrexit,
