2788 4422
657 282 869 345 „13-

240 474 367 546 quoqne
388 450 606 520 osculabantur
617 453 647 528 ¹)
668 451 799 540 aliisque
820 450 985 516 utebantur
1007 448 1194 528 moribus2).
1239 453 1296 518 Est

241 553 343 610 antem
363 542 446 607 bene
462 537 640 618 tenendum,
662 538 737 601 loco
753 537 860 624 aliquo
882 557 971 602 sacro
987 546 1131 624 tanquam
1147 536 1198 602 dei
1209 558 1295 624 prae·

241 631 355 706 sentia,
384 625 467 691 unde
489 624 625 689 diuinam
647 623 774 691 duceret
796 622 1024 703 auctoritatem,
1061 622 1102 688 ad
1128 624 1295 711 imploran-

242 715 315 780 dum
338 711 472 798 supplici
492 710 640 776 utendum
661 709 757 776 fuisse
764 735 772 795 3
797 732 860 795 quo
883 710 911 773 si
932 709 1006 773 victi
1024 718 1118 795 atque
1132 709 1296 797 desperan-

240 808 289 865 tes
311 798 394 885 apud
421 797 593 863 Homerum
621 805 739 874 carent,
777 795 862 861 nulla
889 794 1030 858 fruuntur
1056 796 1208 861 victorum
1236 797 1295 862 hn-

241 885 385 951 munitate
395 884 440 966 ³)3
485 884 533 948 sin
560 891 660 948 autem
687 880 816 958 habent,
853 889 982 966 propter
1009 879 1095 966 qnod
1122 882 1183 947 sibi
1214 882 1298 968 parci

242 970 290 1037 fes
318 972 373 1048 sit,
412 970 531 1033 etiamsi
565 967 690 1032 nonnisi
718 967 863 1054 sepulcra
894 965 1006 1031 adsunt
1017 970 1055 1044 ⁴),
1093 964 1128 1029 id
1158 969 1299 1032 studiose
1329 974 1331 978 '

241 1064 477 1143 persequuntur.
536 1056 584 1118 Ac
612 1074 670 1140 per
689 1061 786 1118 totam
814 1052 939 1138 quidem
971 1050 1132 1118 historiam
1158 1051 1230 1138 fuga
1258 1051 1299 1117 ad

243 1162 312 1207 aras
339 1140 418 1206 nibil
444 1139 608 1205 salutarius
635 1138 735 1204 visum
762 1141 865 1219 est⁶)‚
921 1158 960 1202 na
987 1138 1021 1202 in
1046 1158 1080 1202 re
1108 1141 1231 1223 quoties
1258 1139 1297 1217 is,

243 1229 298 1313 qui
318 1224 410 1313 fugit,
446 1226 542 1291 falsus
565 1227 619 1305 sit,
653 1225 732 1288 nihil
755 1224 857 1292 refert.
946 1245 994 1287 am
1024 1244 1116 1309 quum
1138 1222 1298 1289 bominum

241 1323 370 1398 peccata
392 1333 457 1373 non
480 1312 612 1454 amqlius
632 1333 651 1374 a
673 1312 803 1395 singulis
832 1319 941 1390 contra
967 1308 1109 1394 singulos
1135 1312 1300 1374 commissa

242 1415 345 1480 neque
371 1392 415 1456 dii
447 1393 508 1457 soli
559 1393 738 1470 aberentur,
774 1396 887 1475 quibus
915 1394 1034 1452 facinus
1063 1394 1221 1473 quoddam
1248 1402 1299 1456 aut

241 1478 489 1577 persequendum
512 1488 566 1543 aut
587 1474 812 1562 ignoscendum
835 1483 933 1553 esset,
961 1472 1018 1538 sed
1044 1474 1177 1541 societas
1199 1476 1299 1541 homi·

241 1585 315 1632 nnm
335 1564 447 1629 iisdem
467 1564 591 1648 legibus
612 1571 705 1647 atque
725 1561 872 1626 institutis
892 1568 1062 1646 temperata
1090 1581 1125 1623 ao
1147 1562 1209 1628 sibi
1231 1563 1300 1648 ipsa

242 1670 353 1736 magna
374 1652 546 1715 animorum
568 1648 750 1714 assensione
771 1645 950 1724 consulens,
974 1640 1061 1731 quod
1084 1647 1298 1733 quispeccas·

243 1746 305 1815 set,
339 1737 371 1800 in
394 1759 429 1801 se
455 1755 602 1823 peccasse
628 1756 698 1801 eum
720 1744 812 1820 atque
833 1731 906 1796 ideo
929 1732 990 1797 sibi
1011 1731 1044 1796 in
1066 1752 1135 1796 eum
1163 1733 1298 1798 animad-

241 1821 423 1888 vertendum
450 1841 520 1885 esse
549 1819 675 1885 duceret
707 1818 810 1906 (quod
837 1819 864 1882 si
890 1817 940 1895 fit,
977 1838 1061 1883 nova
1090 1829 1217 1904 peccata
1239 1841 1297 1884 ne·

241 1906 360 1992 gandi
381 1907 462 1971 ratio
484 1915 516 1971 et
538 1927 575 1969 ca
597 1905 737 1991 quidem,
759 1905 953 1991 ultraquam
975 1925 1041 1968 non
1063 1925 1231 1988 progressa
1251 1914 1299 1970 est

241 1991 426 2071 annuisse,
460 1991 493 2055 in
519 2006 607 2056 usum
636 1993 750 2065 venio:
786 2012 852 2055 non
878 1998 1047 2076 potuerunt
1073 1989 1233 2054 hominum
1259 1989 1299 2054 de

303 2013 416 2162 blisum
437 2075 562 2141 fortuna
582 2074 696 2142 iudicia
717 2075 820 2162 aliqua
842 2097 882 2143 ex
904 2085 993 2159 parte
1008 2075 1158 2139 maiorum
1176 2074 1300 2173 quidem

242 2099 278 2143 su

240 2098 394 2246 religione
420 2184 457 2226 ac
489 2162 711 2249 superstitione
739 2161 873 2238 imbuta,
911 2162 1043 2225 maxime
1078 2181 1154 2224 vero
1182 2180 1300 2224 mamre

239 2248 320 2336 quid
338 2247 450 2332 cuique
473 2247 541 2313 sine
564 2249 754 2335 reipublicae
774 2247 959 2312 detrimento
983 2244 1195 2323 tribuendum,
1224 2243 1301 2329 quid

239 2334 317 2411 iure,
340 2333 415 2415 quid
437 2333 566 2396 arbitrio
589 2334 639 2398 uel
661 2333 792 2397 libidine
811 2342 913 2396 actum
929 2344 1019 2402 esset
1044 2329 1236 2394 diiudicandi
1255 2329 1299 2393 la·

306 2615 335 2678 l)
370 2612 407 2663 ltu
428 2611 474 2663 ille
498 2611 595 2677 Phryx:
618 2610 748 2681 προςκυνῶ
771 2601 793 2661 n'
815 2602 893 2671 ἄναξ,
915 2608 1009 2677 inquit,
1028 2607 1132 2678 νόμοισι
1148 2614 1300 2680 βαρβάροισι

239 2684 395 2750 προσπίτνω.
421 2677 482 2734 Eur.
501 2677 546 2731 Or.
566 2679 640 2732 1500.
683 2678 755 2742 Quae
778 2676 861 2728 scbcl.
885 2677 1031 2729 adnotavitt
1053 2675 1132 2745 νόμος
1153 2678 1202 2748 γὰρ
1224 2676 1301 2738 οὗτος

239 2742 402 2815 βαρβαρικὸς,
423 2748 523 2799 ἐπειδάν
542 2767 579 2805 τις
601 2740 693 2804 adroic
712 2750 815 2796 κτείνειν
833 2737 925 2808 ducti]
941 2747 1105 2815 nqccnlnretv
1127 2749 1171 2796 καὶ
1192 2748 1302 2799 δεῖσθαι

240 2829 333 2866 vereor
351 2821 378 2862 ut
394 2812 560 2866 barbarorum
578 2814 736 2877 potissimum
760 2766 967 2863 circumscribant
989 2827 1096 2863 morem.
1139 2812 1204 2866 llam
1230 2816 1300 2882 quod

240 2896 330 2933 eurum
349 2881 456 2930 maxime
473 2882 604 2945 proprium
622 2887 675 2943 est,
693 2879 722 2930 id
739 2880 765 2929 in
784 2878 925 2931 osculando
943 2881 1054 2945 positum
1072 2889 1119 2931 est.
1148 2884 1183 2932 cl.
1202 2882 1299 2936 Troad.

240 2948 318 3002 1021.
343 2944 438 2999 Tamen
450 2964 502 2999 non
514 2944 617 3000 barbuti
628 2946 711 2999 solum
730 2947 878 2999 osculantur
893 2964 965 3011 eum,
984 2964 1059 3017 quern
1077 2948 1198 3000 auxilium
1217 2959 1301 3018 orant,

240 3016 290 3067 nisi
308 3016 329 3068 si
347 3016 414 3081 apud
433 3017 508 3083 soph.
527 3015 556 3067 0.
575 3016 605 3067 11.
622 3015 681 3071 322.
703 3017 794 3074 πάντες
811 3034 838 3065 σε
856 3016 1042 3084 προςκυνοῦμεν
1060 3019 1087 3066 ol
1111 3013 1220 3084 ἱκτήριοι
1236 3034 1301 3071 ver·

239 3078 301 3135 bum
320 3091 466 3153 προςκυνεῖν
484 3084 575 3136 codem
592 3098 670 3135 sensu
688 3082 884 3149 intelligendum
901 3087 934 3134 sit
952 3091 1028 3150 atque
1046 3088 1220 3154 προςπίπτειν,

307 3168 338 3229 2)
373 3165 408 3218 lta
427 3166 611 3219 Themistocles
629 3182 706 3235 quum
724 3166 758 3217 ud
776 3166 913 3217 Admetum
931 3167 1099 3218 Molossorum
1121 3184 1210 3237 regern
1234 3184 1300 3233 snp-

181 3284 186 3291 .
234 3236 299 3316 pler
316 3234 490 3317 confugisset,
514 3237 569 3287 eius
585 3234 666 3286 filium
684 3250 772 3287 secum
790 3234 888 3287 ducens
906 3237 932 3285 in
950 3251 995 3287 ara
1013 3235 1136 3288 consedit.
1161 3232 1175 3286 ὁ
1194 3237 1220 3286 ut
1244 3238 1299 3300 (sc,

148 3335 157 3344 -
238 3305 372 3370 Αδμητος)
398 3306 519 3369 ανίατησί
537 3323 564 3354 τε
586 3295 665 3355 αὐτὸν
687 3296 755 3371 μετά
775 3302 823 3353 τοῦ
844 3303 937 3354 ἑαυτοῦ
960 3299 1043 3365 deduc,
1072 3299 1156 3372 ὥσπερ
1173 3305 1216 3354 καὶ
1234 3307 1300 3368 ἔχων

239 3363 319 3421 αὐτὸν
338 3367 481 3429 ἐκαθίζετο.
507 3373 549 3421 καὶ
603 3388 692 3435 γιστον
708 3362 741 3435 ἦν
764 3372 882 3438 ἱκέτευμα
902 3370 978 3422 τοῦτο
1005 3372 1054 3435 (sc.
1072 3371 1142 3436 apud
1159 3371 1299 3439 1101114404)

239 3452 263 3490 v.
282 3436 404 3499 Thuc..l‚
425 3439 482 3490 136.
518 3440 552 3490 cl.
572 3376 661 3489 lirum.
680 3438 747 3505 ling.
766 3452 792 3487 v-
810 3441 855 3488 καὶ
874 3441 955 3490 ἱκεσία
971 3442 1015 3490 καὶ
1033 3441 1155 3503 ἱκέτευμα.

306 3518 337 3582 3)
372 3517 399 3569 ll.
418 3519 463 3582 Vl,
482 3521 524 3573 40.
541 3520 610 3584 xxl,
627 3521 669 3574 73.
775 3521 807 3586 4)
845 3518 925 3570 Tbuc.
942 3519 987 3583 111,
1006 3521 1049 3573 59.

307 3610 338 3671 b)
374 3608 855 3667 11444οΝ.119.11111.51.09.111.
877 3612 935 3664 108.
958 3610 1061 3664 lnce.
1089 3609 1168 3662 Tbno.
1186 3611 1227 3666 lll.
1251 3610 1297 3665 28.
1385 3620 1386 3623 ’

239 3676 282 3730 70.
299 3677 343 3729 91.
361 3677 402 3729 75.
423 3680 465 3730 14.
482 3679 524 3732 08.
550 3682 568 3732 l.
586 3682 627 3733 94.
649 3681 705 3733 tut.
726 3678 816 3733 1147.
844 3680 872 3730 V.
891 3680 934 3732 00.
970 3681 1001 3730 cl.
1026 3678 1102 3730 Diod.
1124 3680 1177 3732 Sic.
1199 3680 1252 3731 llll.
1270 3680 1297 3734 9.

238 3745 280 3798 39.
298 3745 341 3797 07.
372 3745 434 3797 11111.
451 3748 494 3802 57.
511 3748 553 3802 67.
571 3748 613 3800 90.
636 3748 694 3800 180.
721 3747 786 3800 xlv.
805 3749 830 3799 4.
854 3748 896 3800 03.
931 3746 1060 3812 Dionysus
1083 3747 1175 3799 incolis
1192 3749 1297 3813 llotyae

237 3812 309 3863 urbis
329 3814 432 3877 suadet,
455 3821 483 3865 nt
500 3816 533 3866 ad
557 3814 680 3884 religiosa
698 3814 851 3868 Graecorum
875 3813 934 3866 lana
952 3815 1118 3883 confugiant3
1150 3815 1204 3867 vult
1228 3817 1296 3867 enim

238 3878 373 3932 effrenatos
394 3898 455 3933 auos
472 3882 564 3934 milites
586 3883 618 3932 iis
640 3882 765 3935 cobiberi.
801 3884 836 3940 cl.
853 3882 929 3934 Paua.
946 3883 964 3935 1.
983 3885 1025 3938 20.
1048 3882 1077 3935 11.
1096 3884 1139 3936 20.
1163 3886 1186 3938 7.
1209 3882 1249 3935 111.
1268 3885 1296 3939 4.

237 3947 262 3998 9.
279 3948 319 4000 IV.
337 3950 360 4000 5.
380 3949 421 4002 23.
457 3951 508 4001 Sed
527 3965 646 4018 quorsum
664 3950 758 4014 plura?
