2788 4422
627 257 840 323 ..aa-

207 426 346 492 acerrimi
368 425 477 491 hostes
499 445 593 511 quum
615 432 701 490 totos
724 444 759 489 se
780 421 906 490 libidini
929 422 1090 504 dederent,
1112 442 1178 489 non
1192 446 1262 512 par·

208 522 314 578 cerent
334 510 526 599 supplicibus
548 510 582 574 in
603 518 663 576 tem
688 509 727 573 lis
748 507 797 588 id,
831 506 918 595 quod
944 508 1056 575 facturi
1082 520 1186 576 essent
1212 508 1264 575 vel

207 597 367 674 fecissent,
390 605 442 661 aut
463 617 503 661 ne
525 595 589 658 ulla
611 531 736 681 quibem
757 595 849 659 venia
870 593 1011 680 indigere
1033 598 1093 661 rati
1114 607 1166 663 aut
1188 596 1263 661 deo·

205 688 273 749 rum
294 680 484 748 voluntatem
507 681 643 747 omniurn
658 682 850 747 Graecorum
873 681 1083 747 consensione
1105 704 1173 748 eam
1194 703 1265 747 esse

207 768 401 848 simulantes,
429 778 463 833 ut
483 766 624 834 facinora
644 765 775 832 arbitrio
799 767 965 832 commissa
986 767 1137 854 puniendi
1166 769 1264 833 omni·

207 854 266 920 bus
288 864 319 920 et
339 854 455 941 ubique
477 853 601 921 daretur
622 861 771 1002 potestas.

294 939 391 1018 Quod
412 941 439 1005 si
460 940 579 1025 integra
593 961 627 1004 re
640 939 746 1024 igione
761 935 1135 1024 contenderetur,·neque
1150 939 1183 1002 in
1200 937 1266 1004 bel·

207 1025 248 1090 lis
272 1026 435 1112 quiequam
456 1024 561 1091 valere
581 1026 758 1113 supplicum
778 1023 920 1111 perfugia
944 1045 983 1091 nc
1005 1045 1045 1089 ue
1066 1024 1182 1110 templa
1203 1033 1266 1088 tam

209 1131 304 1197 saepe
340 1111 446 1199 expeti
481 1111 623 1198 potuisse
648 1110 741 1176 facile
770 1121 818 1177 est
845 1111 886 1177 ad
917 1046 1162 1194 inteihgendum.
1218 1109 1266 1173 Ita

208 1194 417 1279 Athenienses
440 1199 509 1285 quis
532 1209 579 1264 est
608 1199 684 1284 quin
710 1196 814 1263 videat
841 1195 990 1263 nefariam
1019 1198 1053 1261 in
1080 1195 1153 1261 Deli
1180 1215 1268 1261 sacra

208 1284 410 1365 petulantiam
437 1295 639 1350 excusaturos
669 1284 775 1369 potius
804 1304 896 1368 quam
927 1292 961 1347 ut
990 1280 1110 1367 religio
1129 1281 1267 1366 exigeret

204 1366 311 1469 ‘egisse
336 1387 370 1430 se
398 1385 567 1475 persuasos
594 1369 690 1428 verba
719 1369 887 1438 fecisse¹):
920 1363 981 1427 τὸν
1008 1365 1170 1445 direptor
1196 1376 1268 1436 τοῖς

211 1448 362 1528 Ἕλλησιν
383 1473 477 1531 ειναι,
500 1440 543 1516 ὧν
565 1447 606 1517 ἂν
627 1440 649 1541 ᾗ
671 1444 708 1514 τὸ
731 1444 852 1535 κράτος
873 1448 932 1526 τῆς
953 1447 1013 1529 γῆς
1034 1443 1171 1528 ἑκάστης
1185 1445 1265 1513 τού-

210 1557 275 1600 των
292 1538 346 1602 καὶ
368 1531 408 1600 τοὶ
433 1533 504 1623 ἱερὰ
526 1534 576 1601 ἀεὶ
588 1539 766 1620 γίγνεσθαι
786 1530 924 1619 τρόποις
944 1532 1196 1618 θεραπευόμενα
1217 1530 1268 1608 οἷς

211 1616 253 1689 ἂν
272 1618 357 1706 πρὸς
378 1633 449 1698 τοῖς
471 1618 609 1687 εἰωθόσι
638 1624 693 1685 καὶ
721 1617 891 1687 δύνωνται.
934 1619 1002 1683 πᾶν
1030 1615 1055 1682 δ’
1079 1615 1163 1695 εἰκὸς
1184 1616 1270 1685 εἶναι

209 1706 258 1786 τῷ
285 1712 417 1791 πολέμῳ
446 1710 501 1773 καὶ
527 1706 623 1790 δεινῷ
649 1729 715 1773 τινι
741 1700 993 1788 κατειργόμενον
1020 1698 1210 1789 ξύγγνωμόν
1235 1727 1270 1768 τι

210 1794 390 1876 γίγνεσθαι
418 1796 475 1857 καὶ
502 1787 586 1872 πρὸς
611 1793 672 1856 τοῦ
700 1792 797 1859 θεοῦ.
841 1792 907 1855 καὶ
935 1787 1008 1874 γὰρ
1040 1791 1113 1854 τῶν
1144 1787 1267 1854 ἀκον-

210 1881 304 1941 σίων
339 1872 634 1961 ἁμαρτημάτων
664 1871 902 1963 καταφυγὴν
935 1873 1040 1943 εἶναι
1071 1869 1162 1952 τούς
1188 1875 1268 1958 βω-

209 1957 318 2043 μούς.
378 1961 560 2027 Cuiusmodi
586 1963 774 2050 impietatcm
801 1962 971 2048 scriptores
1007 1983 1101 2048 supra
1133 1961 1268 2026 diximus

210 2067 277 2111 non
299 2068 399 2133 aequo
423 2047 671 2125 animoreferre.
720 2050 767 2116 Ita
783 2047 976 2134 Xenophon,
998 2058 1032 2113 ut
1046 2070 1087 2115 ex
1108 2069 1145 2112 ea
1160 2055 1268 2125 aetate,

210 2154 343 2218 quares
368 2136 506 2200 Graecae
529 2133 701 2201 domestica
722 2134 848 2201 fortuna
861 2135 1032 2214 florebant,
1055 2143 1087 2201 et
1109 2154 1149 2198 ex
1163 2141 1268 2217 poste·

209 2217 345 2284 rioribus
368 2221 572 2309 temporibus,
594 2223 649 2288 ubi
662 2244 766 2288 mores
789 2223 908 2307 antiqui
928 2219 1020 2286 valde
1036 2218 1268 2296 obsoleverant,

210 2325 388 2389 promamus
411 2307 570 2390 exempla,
594 2311 772 2392 „tpsvyoq
794 2308 894 2391 inquit
916 2313 949 2371 οἱ
970 2308 1134 2387 βέλτιστοι
1156 2309 1188 2368 οἱ
1208 2306 1270 2386 μὲν

210 2386 293 2473 πρὸς
313 2386 356 2452 τὰ
378 2386 555 2472 ἀγάλματα
583 2391 647 2452 τῶν
669 2397 703 2454 ἐν
725 2388 835 2472 ἀγορᾷ
855 2391 958 2469 θεῶν,
990 2393 1024 2452 οἱ
1051 2388 1085 2451 δὲ
1115 2391 1165 2452 ἐπὶ
1191 2381 1270 2463 τούς

210 2473 355 2556 βωμοὺς.
378 2477 467 2538 ἔνθα
494 2469 535 2553 δὴ
559 2478 596 2538 οἵ
621 2471 840 2539 ἀνοσιώτατοι
865 2476 922 2539 καὶ
946 2469 1142 2538 παντάπασι
1174 2470 1271 2537 οὐδὲν

211 2560 355 2641 νομίμον
377 2560 577 2644 φρονοῦντες
599 2595 640 2606 -
654 2598 695 2610 -
718 2560 882 2644 ἔσφαττον
903 2566 956 2623 καὶ
977 2552 1061 2640 πρὸς
1081 2568 1152 2632 τοῖς
1173 2563 1270 2639 ἱεροῖς
1343 2583 1347 2589 ·

212 2640 281 2706 ὥστ’
313 2646 419 2719 ἐνίους
451 2649 504 2710 καὶ
533 2645 598 2709 τῶν
624 2642 663 2710 οὐ
690 2649 896 2729 τυπτομένων
927 2645 1076 2726 νομίμων
1107 2639 1135 2705 ὅ
1164 2641 1270 2706 ὄντων

213 2723 400 2808 ἀνθρώπων
429 2726 637 2812 ἀδημονῆσαι
656 2729 715 2806 τὰς
737 2725 848 2814 ψυχὰς
869 2725 1002 2803 ἰδόντας
1023 2722 1085 2807 την
1111 2723 1270 2810 ἀσέβειαν.

211 2810 372 2877 Diodorus
406 2821 507 2876 autem
540 2823 706 2901 postquam
741 2813 950 2880 Cassandrum
989 2813 1270 2879 Orchomeniorum

211 2896 290 2962 urbe
311 2895 451 2962 secundo
474 2897 579 2964 Marte
601 2909 780 2986 oppugnata
802 2900 923 2965 civibus
945 2921 1013 2977 eos,
1038 2899 1090 2985 qui
1113 2920 1205 2985 quum
1229 2898 1268 2963 ab

211 2981 389 3047 Alexandri
416 2993 504 3070 parte
530 2987 702 3065 stetissent,
736 2987 769 3051 in
793 2986 915 3053 Dianae
939 2984 1089 3071 templum
1116 2983 1270 3069 confugis·

211 3078 296 3148 sent,
329 3076 363 3134 ut
395 3069 527 3152 vellent,
564 3071 716 3137 tractandi
746 3081 933 3158 potestatem
967 3070 1093 3139 dedisse
1125 3073 1270 3149 narravit,

211 3155 314 3240 pergit
346 3154 404 3219 ita:
438 3161 472 3221 οἱ
501 3159 561 3239 μὲν
594 3149 654 3223 οὖν
682 3155 880 3243 Ὀρχομένιοι
909 3154 987 3234 τοὺς
1020 3161 1125 3233 ἱκέτας
1156 3161 1272 3240 βιαίως

212 3236 458 3318 ἀντιστήσαντας
487 3241 636 3319 ἅπαντας
662 3240 792 3309 ἀνεῖλον
819 3240 911 3323 παρὰ
936 3241 979 3307 τὰ
999 3240 1092 3309 κοινὰ
1115 3243 1179 3309 τῶν
1195 3241 1271 3309 Ἑλ-

213 3322 317 3405 λήνων
344 3324 476 3411 νόμιμα.
532 3330 634 3414 Atque
660 3328 821 3397 audiamus
847 3329 1088 3409 Theramenem,
1126 3327 1180 3414 qui
1206 3349 1270 3393 sce·

212 3409 412 3507 lentissimum
446 3434 599 3500 quemque
632 3414 805 3502 supplicum
840 3435 907 3481 nou
938 3415 1077 3487 misereri
1105 3412 1270 3481 manifesto

217 3560 420 3574 ο-ῄ-

281 3645 310 3707 l)
345 3642 425 3697 'lhuc
444 3643 488 3699 lv.
506 3648 553 3703 97.

281 3728 310 3791 2)
345 3728 408 3780 Xeu.
428 3728 485 3782 hist.
505 3733 545 3784 Gr.
561 3732 603 3789 lv,
622 3735 646 3790 l.
664 3737 690 3786 2.
726 3734 759 3791 cf.
777 3736 819 3790 IV.
837 3739 863 3790 ὅ.
880 3735 905 3790 3.
924 3735 967 3787 ubi
986 3737 1030 3805 qui
1054 3738 1080 3788 iu
1103 3736 1210 3789 Juuonis
1228 3720 1277 3787 la-¹

214 3797 490 3933 pqqqnqunlngeranu
520 3800 553 3852 ab
584 3803 705 3871 Agesilao
733 3820 787 3858 non
814 3805 974 3858 trucidantur
1000 3805 1045 3858 sed
1075 3806 1101 3856 in
1127 3806 1271 3861 servitutem

89 3937 96 3947 “
167 3974 170 3977 ι
282 3949 313 4013 a)
347 3947 413 4000 xlx.
432 3948 474 4004 ω.
491 3953 518 4004 τ.
