2788 4422
647 306 857 370 -la-

223 477 354 541 nodone
386 471 613 559 praedationis,
646 494 723 538 mox
751 474 881 561 pluralis
908 494 1052 540 numerus
1085 475 1181 540 σῦλαι
1211 475 1276 555 (vel
1386 478 1387 481 ’

222 561 338 628 adina
357 560 508 642 ubtov)¹)
531 559 656 624 arctiori
678 580 772 624 sensu
794 558 938 647 publicae
952 559 1124 649 praedandi
1138 571 1276 648 potesta-

221 649 262 713 tis
271 648 300 722 ²)
334 643 599 731 frequentabatur,
637 645 730 710 simul
757 666 833 712 vcro
860 648 957 711 συλία
985 648 1222 714 nomenmodo
1249 650 1288 713 si·

224 732 433 818 compositum
459 740 525 796 crat
547 753 615 796 cnm
638 728 723 817 ἱερός
745 733 942 816 (ἱεροσυλία)
971 733 1022 798 rel
1048 758 1071 797 α
1092 735 1195 800 littera
1215 735 1277 821 pri·

222 818 323 884 satira
345 815 497 895 (ἀσυλία)
519 838 588 882 cum
610 816 771 882 adiectiris
793 814 962 901 ἱερόσυλος
979 813 1102 895 ἄσυλος
1117 821 1278 887 obtinebat

222 903 386 970 arctiorem
413 924 538 968 sensum
566 903 764 990 spoliationis
791 923 950 967 sacrorum
976 903 1028 970 rol
1054 905 1225 972 inviolatae
1247 916 1279 971 et

222 1000 332 1056 contra
352 987 572 1078 praedationes
594 988 729 1054 munitae
751 990 935 1068 sanctitatis,
956 989 1054 1054 modo
1076 985 1196 1056 ἀσυλία
1220 1012 1278 1077 pu·

220 1075 335 1140 blicam
368 1083 479 1141 onuba
515 1072 616 1151 σύλας
655 1075 782 1141 tutelam
814 1074 1021 1161 significabat,
1064 1097 1143 1162 quae
1181 1085 1215 1142 ut
1244 1077 1278 1140 in

222 1160 308 1225 omni
334 1159 458 1245 ἀσυλίᾳ
484 1159 746 1247 subintelligenda
772 1162 835 1226 sint
861 1161 990 1227 multum
1017 1162 1113 1229 abest.
1158 1161 1205 1227 lta
1232 1161 1278 1226 di·

220 1268 343 1314 versum
365 1257 491 1313 sanotae
512 1256 545 1313 et
566 1247 666 1313 civilis
688 1245 825 1325 ἀσυλίας
850 1267 948 1333 genus
971 1248 1144 1334 profectum
1165 1257 1214 1313 est
1235 1246 1279 1312 al·

220 1340 320 1395 terum
332 1335 466 1393 numinis
482 1332 608 1414 fanique
618 1333 648 1405 ⁸)
669 1334 841 1415 proprium,
864 1334 951 1398 cuins
974 1334 1022 1398 vis
1043 1335 1077 1398 in
1090 1355 1131 1398 co
1152 1334 1278 1419 potissi·

220 1436 303 1481 mum
330 1415 467 1501 positum
490 1422 568 1492 erat,
591 1421 625 1476 ut
646 1414 803 1500 supplices
829 1416 935 1478 salvos
956 1417 1117 1492 redderet,
1148 1418 1279 1479 alterum

220 1499 320 1588 pactis
347 1497 532 1585 quibusdam
558 1497 771 1564 confirmatam
799 1497 927 1564 tutelam
953 1498 1075 1564 civilem
1102 1501 1277 1568 continens.

222 1586 365 1651 Ceterum
397 1586 498 1650 omnis
525 1585 560 1648 in
591 1584 655 1649 vita
681 1584 836 1648 communi
863 1585 1027 1665 securitas,
1062 1584 1090 1650 ai
1115 1606 1217 1673 neque
1239 1586 1279 1651 dc

221 1680 331 1738 sancto
359 1693 461 1759 neque
487 1668 527 1735 de
552 1670 681 1758 publico
708 1679 819 1735 contra
851 1667 951 1745 σύλας
981 1670 1141 1756 praesidio
1175 1692 1278 1737 sermo

222 1767 303 1838 erat,
336 1755 502 1847 ἀσφάλεια
524 1755 684 1821 dicebatur
705 1757 756 1821 vel
777 1754 888 1836 didaco,
923 1776 1015 1842 quam
1035 1754 1156 1840 ἀσυλία
1179 1758 1279 1843 quod·

221 1840 390 1908 dammodo
414 1862 576 1928 opponere
597 1842 722 1918 licet⁴).
765 1842 869 1927 Atque
897 1842 977 1908 adeo
1005 1842 1158 1907 erectiore
1185 1864 1279 1908 seusu

221 1928 339 2013 siquis
363 1927 438 2015 quid
458 1927 510 1993 vel
537 1926 773 1993 munitissimum
796 1927 933 2009 dicebat,
962 1952 980 1994 a
1008 1930 1136 2015 propria
1156 1926 1280 2012 ἀσυλίᾳ
1349 1984 1355 1993 .

220 2014 362 2080 sumebat
383 2013 553 2080 sanctitatis
574 2014 736 2079 notionem
758 2016 779 2083 i.
802 2037 829 2079 e.
852 2011 972 2079 ἀσυλία
1000 2036 1066 2080 vox
1092 2015 1125 2079 in
1151 2035 1279 2103 prover·

221 2099 307 2164 bium
328 2100 422 2169 venit.
441 2098 446 2103 ’
467 2100 508 2165 Ut
530 2101 676 2188 exemplo
699 2110 780 2180 utar,
803 2099 986 2165 Plutarchus
1008 2102 1102 2165 vitam
1123 2102 1156 2165 in
1177 2099 1280 2164 insula

221 2182 406 2252 abscondita
426 2186 622 2252 turbulentae
644 2208 764 2267 eorum,
793 2186 846 2273 qui
868 2186 900 2250 in
922 2186 1052 2251 urbibus
1074 2208 1093 2250 a
1120 2186 1280 2251 creditori·

220 2272 279 2338 bus
309 2281 341 2337 et
374 2271 517 2338 omnibus
550 2271 703 2339 molestiis
734 2281 901 2353 vescimur,
938 2270 1173 2361 praeferendam
1204 2271 1281 2335 dicit
1385 2314 1386 2333 r

219 2351 344 2422 ἀσύλου
369 2361 424 2420 καὶ
449 2356 538 2436 ἱερὸν
564 2359 612 2437 τῷ
638 2361 829 2437 βουλομένῳ
852 2368 909 2418 καὶ
932 2354 1147 2436 μεμαθηκότι
1166 2354 1281 2437 σχολά-

220 2440 337 2519 ξειυῦ).
392 2438 607 2523 ,‚Perfugiunt,
637 2440 679 2503 ait
706 2437 882 2513 Gallius⁰)‚
914 2446 1059 2522 tanquam
1088 2439 1121 2503 in
1151 2438 1281 2524 aliquod

220 2526 284 2591 fani
305 2523 427 2607 asylum
450 2535 482 2591 et
504 2547 583 2611 quae
605 2524 740 2610 pessime
760 2522 915 2602 fecerunt,
946 2543 983 2587 ea
1004 2543 1071 2590 non
1092 2545 1166 2589 suae
1186 2534 1281 2590 teme·

220 2612 302 2677 ritati
323 2611 380 2676 scd
402 2610 468 2675 fato
491 2632 561 2675 esse
582 2607 779 2674 attribuenda
801 2607 947 2675 ducunt“.

306 2696 408 2763 Urbes
436 2695 523 2776 illae,
551 2717 627 2782 quas
655 2695 738 2782 apud
764 2694 906 2758 Tacitum
935 2692 976 2757 de
1003 2692 1100 2774 asylis
1127 2703 1281 2759 certames

220 2781 376 2861 ridemus,
399 2803 465 2845 non
485 2782 520 2846 id
541 2790 651 2866 agunt,
676 2789 710 2845 ut
732 2788 842 2844 contra
863 2773 964 2854 σύλας
991 2777 1197 2845 defendantur
1224 2779 1282 2845 sed

220 3017 279 3068 litor
304 3032 321 3066 a
348 3015 438 3067 radice
464 3035 512 3067 w.
535 3016 662 3067 ducuntur
688 3015 788 3083 (τιμος)
811 3008 916 3082 ἄτιμος)
942 3018 1027 3083 τίμιος
1051 3006 1152 3082 ἀτίμους
1180 3014 1282 3083 (τιμία)

221 3078 322 3154 ἀτιμία,
338 3082 400 3152 τιμή
418 3085 496 3152 τιμᾶν
512 3087 615 3153 τίμησις
631 3088 732 3153 τίμημα
750 3091 799 3134 etc.

290 3169 317 3231 l)
351 3166 436 3219 Etiam
463 3167 540 3218 οὖλοι
562 3174 660 3232 tempus
689 3166 865 3234 significasse,
893 3161 937 3214 nbi
960 3163 1065 3215 licentia
1091 3164 1233 3230 praedandi
1255 3166 1283 3216 in

219 3237 287 3288 mari
306 3237 365 3287 data
381 3235 472 3300 inerit,
490 3235 613 3301 probatur
630 3235 667 3284 tit.
685 3235 765 3286 Sicin.
785 3234 814 3287 0.
833 3233 856 3286 l.
873 3232 942 3284 2447
961 3232 984 3283 b.
1004 3246 1020 3282 a
1037 3233 1129 3284 Raaaio
1147 3234 1221 3284 tertio
1239 3234 1283 3283 vel
1383 3232 1384 3249 ³

220 3305 335 3357 secundo
358 3321 375 3355 a
398 3304 459 3358 Chr.
483 3304 574 3356 seculo
604 3302 747 3368 adscripto:
781 3306 849 3353 εἶναι
870 3301 896 3351 δὲ
920 3292 988 3366 αὐτῷ
1009 3304 1054 3351 καί
1069 3297 1208 3418 [imprbus
1230 3301 1284 3367 [καὶ

220 3377 248 3426 lv
265 3375 351 3444 εἰρήνῃ
368 3375 411 3423 καὶ
429 3373 472 3440 llo
487 3371 659 3442 πολίμ[ῳ],..
670 3376 695 3428 tc
712 3367 778 3437 σύλῳ
796 3362 977 3445 [ἀσφάμειαν.
996 3368 1030 3419 cl.
1047 3367 1119 3419 Bocc
1140 3369 1165 3419 lr.

289 3455 320 3520 2)
356 3455 429 3506 σῦλαι
449 3462 563 3506 nosram
584 3453 852 3520 Repromtimrocm,
877 3449 1034 3516 Gaperbriel
1054 3466 1080 3501 r.
1106 3451 1283 3503 Waclranutlr.

221 3524 262 3575 ius
280 3528 359 3589 geutt.
378 3536 401 3586 p.
420 3522 463 3575 84.
505 3521 994 3585 Bocolrb.0ocon.Atb.ll.p.128.
1038 3518 1208 3571 Soboamuan.
1225 3519 1284 3571 Διι-
1360 3538 1363 3543 ·

221 3590 301 3659 tiquit.
319 3589 369 3639 inr.
387 3603 412 3654 p.
432 3589 473 3646 Gn
488 3590 530 3642 VI.
548 3594 573 3653 §.
589 3594 607 3644 2
625 3592 685 3643 adn.
703 3592 728 3646 8.

290 3674 320 3739 3)
353 3671 501 3726 Ροιίοτίοῐο
519 3673 621 3727 demum
637 3684 755 3754 temporo
772 3676 871 3723 statuae
887 3668 969 3753 lmpp.
986 3684 1019 3721 eo
1038 3661 1146 3752 ἀσυλίας
1168 3671 1224 3751 iope
1241 3673 1284 3721 ui-

223 3742 334 3811 fiebant,
366 3742 418 3794 imo
436 3745 480 3794 ani
500 3740 566 3802 Διὸς
587 3742 636 3794 τοῦ
656 3749 682 3796 ta
711 3741 832 3808 Oivpulp
849 3742 1020 3809 φοβεροτεροι
1041 3757 1100 3791 τοτε
1121 3742 1164 3792 καὶ
1182 3740 1284 3793 occid-

222 3830 292 3881 τεροι
307 3803 373 3879 ἦσαν
390 3826 414 3865 v.
432 3810 550 3865 Philostr.
570 3825 595 3863 v.
612 3809 733 3877 Apollon.
750 3807 770 3859 l.
789 3808 830 3863 15.

292 3895 322 3958 d)
355 3893 390 3947 σί.
408 3894 594 3948 Weatermana.
614 3894 648 3947 de
665 3892 736 3960 publ.
753 3890 848 3944 Athen.
865 3889 959 3947 bonor.
978 3905 1002 3956 p.
1021 3889 1064 3943 db.

292 3979 325 4043 5)
361 3978 512 4035 ύοοιίλμι.
532 3980 572 4033 ll.
641 3975 676 4044 d)
708 3973 891 4032 natta,
