2788 4422
545 270 761 337 ..33-

120 442 226 529 peret?
268 441 318 507 De
338 438 522 525 impunitate
547 458 590 506 ne
616 440 746 527 cogitari
772 439 897 527 quidem
925 441 1007 511 licet.
1057 447 1100 510 At
1126 447 1180 512 nti·

118 528 324 595 sericordiam
346 534 378 589 et
399 527 647 613 temperantiam,
671 526 870 593 conditiones
891 528 1012 596 facilius
1035 531 1179 598 ferendas

120 637 214 681 omne
236 611 398 698 templum,
422 612 450 677 si
472 612 598 697 quidem
620 614 663 691 is,
686 615 740 700 qui
761 624 942 698 persecutus
964 625 1025 696 est,
1052 628 1179 702 paratus

117 711 186 766 erat
208 699 249 764 ad
271 708 386 764 sortem
407 698 558 785 supplicis
580 698 743 763 levandam
768 700 912 784 largitum
941 723 1011 768 csse
1036 703 1178 773 vidimus.

117 788 155 851 Si
182 785 346 850 Minervae
372 785 522 871 templum
550 785 648 849 mains
676 783 824 869 quiddam
855 787 1060 871 praestitisset
1085 810 1178 875 quam

118 881 221 937 cetera
248 893 349 951 sacra,
375 871 451 956 quid
473 870 630 957 estquod
653 890 719 935 non
741 891 870 949 omnes,
902 870 1078 1021 quicunque
1108 895 1178 938 cum

117 957 244 1039 Cylone
266 966 366 1034 erant,
390 957 503 1023 eodem
524 956 791 1043 properaverunt?
818 977 873 1021 cur
895 956 948 1021 aii
970 957 1011 1023 ad
1032 960 1178 1024 Eumeni·

116 1043 190 1109 dum
215 1065 284 1110 aras
307 1042 383 1109 satis
411 1043 471 1111 sibi
498 1041 566 1105 lore
587 1043 736 1126 praesidii
758 1043 897 1108 arbitrati
919 1043 1012 1109 sunt?
1055 1043 1092 1108 Si
1110 1045 1177 1110 vio·

113 1128 244 1194 lationis
279 1127 476 1192 cohibendae
502 1126 662 1213 praesidio
688 1128 787 1191 maius
810 1128 958 1213 quiddam
984 1151 1005 1193 a
1030 1128 1179 1196 Minerva

114 1213 347 1300 suppeditatum
369 1222 465 1289 esset,
498 1233 627 1277 neccsse
654 1223 702 1277 est
727 1212 825 1278 foisse
852 1212 1074 1299 impunitatem.
1130 1217 1180 1281 Ea

113 1300 143 1364 si
172 1298 349 1378 videbatur,
383 1319 437 1364 cur
461 1297 542 1383 fugit
569 1297 693 1380 Cylon?
729 1320 784 1364 our
809 1296 920 1384 reliqui
947 1307 1008 1365 tam
1035 1299 1090 1365 diu
1119 1300 1176 1367 ob·

113 1387 273 1463 stiterunt,
296 1393 330 1447 ut
352 1384 514 1466 permultis
536 1382 617 1447 fame
638 1384 820 1449 exanimatis
838 1405 971 1449 summas
985 1384 1175 1453 calamitates

92 1468 329 1534 *exantlarenti
373 1467 556 1533 Plutarchus
589 1477 690 1533 autem
724 1470 777 1553 qni
803 1468 1022 1549 Thucydidem
1048 1472 1175 1556 potissi·

111 1577 196 1621 mum
218 1563 343 1620 secutus
364 1553 405 1617 ab
426 1551 591 1617 Archonte
613 1562 718 1618 narrat
740 1552 896 1634 Cylonios
918 1554 960 1620 ad
982 1574 1105 1623 causam
1128 1556 1174 1623 di·

111 1642 244 1706 cendam
264 1649 397 1706 vocatos
417 1660 496 1719 esse,
517 1639 613 1704 ceteri
635 1660 714 1725 quae
735 1638 880 1717 referunt,
902 1650 1044 1718 exornat,
1065 1663 1106 1707 ne
1127 1641 1173 1709 di·

112 1749 180 1792 carn
203 1727 339 1813 supplet,
362 1745 446 1790 nova
468 1735 500 1790 et
521 1726 597 1791 satis
619 1726 697 1791 mira
719 1730 896 1790 narratione
919 1735 950 1792 et
972 1725 1098 1812 quidem
1119 1728 1173 1794 ali·

112 1807 172 1900 qua
195 1836 235 1879 ex
257 1823 346 1901 parte
367 1810 479 1899 procul
506 1810 603 1878 dubio
649 1812 854 1878 osterioribus
877 1810 1000 1877 demum
1026 1815 1174 1900 tempori·

112 1900 172 1964 bos
200 1899 240 1964 ad
267 1899 506 1964 Atheniensium
532 1898 611 1985 perfi
634 1920 723 1964 orum
750 1898 940 1985 impietatem
968 1900 1174 1967 amovendam

111 1986 358 2071 oxorta'partim
380 1983 645 2071 planevabsurdm
670 1985 825 2065 Cylonios
840 1985 1018 2053 cautissime
1037 1985 1092 2052 filo
1116 1993 1173 2065 (ne

111 2069 227 2158 laqueo
256 2071 397 2158 quidem)
430 2091 500 2139 cum
534 2092 624 2137 sacro
652 2070 819 2155 copulatos
837 2069 978 2135 xfeliciter
1004 2092 1104 2158 usquo
1129 2071 1172 2138 ad

111 2157 318 2223 Eumenidum
342 2178 411 2223 aras
435 2156 646 2236 descendisse,
669 2157 721 2219 hic
736 2166 837 2222 nutem
858 2154 914 2219 filo
930 2155 1059 2232 disciso,
1083 2158 1172 2241 quasi

8 2266 9 2269 ¹
110 2243 170 2306 dea
202 2267 237 2307 su
261 2243 395 2326 plicibus
421 2243 509 2326 parci
540 2241 656 2320 nollet,
692 2241 772 2304 alios
803 2240 961 2326 lapidibus
993 2261 1170 2325 percussos,

110 2327 192 2393 alios
214 2265 259 2392 ad
278 2348 348 2391 aras
374 2334 504 2390 necatos
533 2346 616 2404 esse,
651 2345 708 2389 eos
736 2333 838 2391 autem
873 2323 1047 2390 incolumes
1085 2349 1170 2393 man·

108 2413 206 2492 sisse,
251 2412 304 2499 qui
342 2410 579 2478 Atheniensium
622 2410 766 2476 mulieres
807 2410 955 2477 auxilium
995 2424 1169 2498 rogassent.
1253 2426 1256 2431 ’

109 2498 182 2563 Filo
219 2499 358 2585 quidem,
396 2497 483 2584 quod
517 2497 701 2561 Plutarchus
729 2496 891 2568 adnexuit,
928 2518 993 2561 non
1051 2500 1171 2565 otoisso

44 2608 47 2611 ·
108 2582 296 2672 potestatem
324 2605 395 2649 esse
426 2595 581 2669 tamquam
611 2581 762 2668 magnetis
793 2581 907 2668 lapidis
934 2583 966 2648 vi
1000 2521 1170 2650 adhaeren-

107 2682 156 2737 tes
190 2671 348 2759 supplices
381 2668 490 2735 tuendi
523 2668 651 2734 multum
685 2669 774 2733 abest
805 2677 839 2734 ut
871 2689 1018 2753 negemus
1031 2669 1069 2746 ¹).
1125 2672 1169 2737 At

107 2755 272 2822 Minervae
309 2778 430 2822 sacrum
465 2757 492 2823 si
530 2777 605 2842 prae
642 2755 752 2820 ceteris
775 2753 999 2842 ¹impunitatem
1039 2758 1169 2842 praesti·
1205 2793 1209 2799 ·

106 2842 211 2922 tisset,
233 2842 312 2907 nihil
336 2864 447 2907 causae
465 2841 590 2924 fuisset,
622 2863 675 2907 our
698 2838 856 2928 supplices
878 2842 933 2908 tilo
957 2864 992 2908 se
1014 2844 1168 2910 constrin-

106 2937 224 3014 gerent.
268 2928 391 3007 Quibus
414 2929 559 2994 omnibus
581 2930 753 3015 perspectis
775 2929 894 2994 nullum
910 2929 991 2992 inter
1006 2927 1169 2993 Minervae

107 3015 266 3101 supplices
288 3014 395 3078 tuendi
417 3024 603 3113 potestatem
626 3026 657 3078 et
680 3014 817 3077 omnium
841 3034 1000 3080 sacrorum
1023 3015 1169 3079 sanctita·

105 3109 169 3163 tem
204 3097 301 3163 fuisse
332 3098 497 3163 discrimen
530 3098 587 3162 sed
622 3099 649 3161 si
679 3098 832 3163 Mercurii
862 3099 914 3164 vel
944 3098 1085 3181 Neptuni
1117 3098 1168 3162 vel

104 3183 228 3251 Dianae
249 3184 399 3271 templum
420 3185 597 3273 proximum
620 3183 743 3262 fuisset,
766 3183 806 3247 ad
829 3183 863 3245 id
876 3182 1032 3260 Cylonios
1055 3180 1168 3246 eodem

104 3271 174 3334 iure
200 3279 232 3333 ot
257 3274 326 3352 pari
352 3283 464 3333 eventu
494 3269 664 3349 confugere
690 3266 844 3349 potuisse,
879 3275 913 3329 ut
944 3263 1031 3329 brevi
1058 3265 1167 3348 dicam,

12 3382 15 3387 ⁴
102 3375 171 3420 rem
194 3353 396 3435 Cyloniorum
420 3355 540 3427 ἱκεσίας
561 3371 686 3415 causam
713 3369 779 3413 non
801 3346 938 3427 ἀσυλίας
959 3349 1072 3432 fuisse,
1110 3376 1166 3421 eos

103 3443 139 3506 in
160 3439 325 3593 minervae
346 3437 450 3505 fanum
472 3447 646 3528 tanquam
667 3437 706 3501 in
728 3435 874 3518 asylum
897 3436 1075 3524 confugisse
1091 3462 1165 3508 con·

103 3527 270 3597 tennes

192 3611 401 3678 Athenienses
422 3618 541 3690 autem,
575 3629 669 3696 quum
691 3627 757 3673 non
778 3606 812 3674 id
834 3618 972 3695 agerent,
1008 3620 1042 3678 ut
1067 3611 1165 3679 Lace·

104 3696 341 3764 daemoniorum
363 3695 613 3762 accusationibus
634 3695 872 3783 responderent,
894 3717 935 3764 ne
955 3697 1017 3764 hos
1038 3699 1164 3784 quidem

103 3786 194 3873 ipsos
217 3807 236 3849 a
262 3783 461 3872 nequissimis
483 3781 674 3848 facinoribus
702 3782 821 3857 liberos
847 3804 942 3865 esse,
968 3783 1084 3870 quippe
1111 3782 1165 3867 qui

62 4038 69 4051 ,
146 3982 149 3987 ’
173 3985 203 4053 l)
236 3983 331 4039 Similis
348 4000 390 4040 res
407 3999 448 4055 ap.
467 3982 561 4041 Herod,
581 3984 603 4039 l.
619 3983 662 4039 26.
938 4063 961 4125 3
