2788 4422
640 264 854 332 ...48-

221 438 362 504 mescens
394 437 426 502 in
453 436 601 524 templum
623 436 788 505 Minervae
813 437 911 503 Aleae
937 436 1077 524 confugit
1089 439 1133 517 ιί,
1165 436 1279 504 eodem

220 524 389 589 Pausanias
411 523 609 590 Plistonaetis
630 524 714 590 filius
735 526 788 611 qui
816 545 909 610 quum
936 525 1075 591 tardiore
1100 524 1210 589 itinere
1244 526 1280 589 in

221 611 387 675 Boeotiam
409 611 586 691 invasisset,
617 611 657 676 ab
679 610 865 676 adversariis
898 612 1067 676 maiestatis
1102 610 1278 697 postulatus

221 706 277 762 est.
330 697 486 780 Tegeatae
518 696 691 782 supplicem
722 706 906 784 receperunt
916 697 955 777 ²).
1004 697 1130 762 Praeter
1162 697 1278 778 Leoty-

221 780 360 859 chidem,
383 783 436 868 qui
457 782 569 848 eodem
591 782 670 869 fugit
691 789 748 864 „ta
769 781 937 864 niumm),
960 782 1122 866 Lysander
1145 804 1278 847 comme·

220 867 389 932 morandus
417 878 480 951 est,
513 869 566 975 qui
593 873 715 954 (κρίσιν
737 865 944 953 θανατικὴν)
976 865 1036 953 οὐχ
1061 864 1209 945 ὑποστὰς
1234 874 1280 945 είς

224 956 345 1038 Τεγέαν
367 959 467 1042 ἔφυγε
491 966 583 1037 suast
604 957 799 1039 κατεβίωσεν
821 961 855 1020 ἐν
875 956 924 1037 τῷ
943 960 1065 1037 τεμένει
1093 955 1154 1033 τῆς
1180 952 1279 1032 Ἀθη·

219 1040 329 1116 νᾱς4),
372 1040 590 1105 Necessarium
612 1051 694 1122 erat,
729 1051 764 1106 ut
785 1038 819 1106 id
847 1040 934 1127 quod
957 1041 1125 1106 Pausanias
1153 1039 1279 1103 dehoc

220 1147 310 1191 sacro
324 1126 427 1206 refert,
452 1127 628 1199 omnibus
643 1138 814 1193 sanetum
835 1126 931 1193 fuisse
953 1126 1068 1207 (πᾶσιν
1082 1126 1278 1209 αἰδέσιμον),

218 1212 252 1275 in
275 1212 419 1278 omnibus
441 1215 538 1295 asylis
561 1214 730 1294 obtineret,
767 1234 868 1300 neque
895 1234 970 1278 vero
999 1214 1054 1292 ita,
1086 1222 1121 1277 ut
1146 1221 1279 1297 propter

191 1298 281 1373 ¹late
308 1309 464 1384 patentem
492 1301 699 1387 omnibusque
726 1311 863 1365 sanctam
894 1299 1028 1364 numinis
1064 1298 1278 1364 auctoritatem

218 1382 308 1463 asyla
340 1390 457 1458 essent,
490 1403 596 1446 verum
627 1394 661 1448 ut
687 1396 817 1468 propter
842 1386 925 1463 asyli
953 1386 1001 1446 ins
1028 1385 1068 1446 ab
1101 1384 1276 1446 omnibus

218 1469 411 1534 sanctissima
434 1467 629 1535 haberentur.
673 1469 769 1533 Cuius
790 1468 912 1553 generis
939 1467 1136 1532 caerimoniis
1158 1466 1276 1553 suppli·

218 1555 307 1619 cibus
329 1555 492 1620 Minervae
506 1554 620 1636 Aleae,
643 1563 675 1620 et
696 1577 769 1619 num
792 1554 904 1641 quibus
926 1552 1018 1618 fuerit
1039 1574 1119 1641 opus
1134 1554 1276 1637 ignotum

218 1649 277 1719 est,
308 1641 392 1706 illam
420 1662 495 1705 vero
520 1642 625 1721 δίκην,
659 1663 750 1728 quam
772 1639 985 1722 Leotychidas
1008 1640 1117 1718 subiit,
1138 1641 1173 1702 in
1195 1638 1276 1703 reli-

216 1727 312 1810 gione
334 1749 370 1793 ae
392 1727 588 1792 caerimoniis
610 1729 746 1814 positam
767 1727 863 1792 fuisse
889 1726 1023 1792 fortasse
1048 1736 1131 1791 reete
1159 1726 1276 1812 opina-

217 1813 311 1882 beris.
355 1812 467 1898 Neque
487 1834 604 1876 morem
620 1824 745 1877 catenas
766 1811 980 1900 suspendendi
1002 1813 1041 1877 ab
1065 1812 1162 1877 Aleae
1184 1833 1274 1876 sacro

215 1919 346 1984 prorsus
367 1898 503 1961 alienum
523 1897 621 1963 fuisse
643 1897 785 1967 dixerim.
830 1899 916 1977 Quid
938 1898 1043 1964 enim?
1087 1898 1205 1963 Nonne
1230 1898 1275 1961 li·

217 1984 300 2049 cebit
322 1982 481 2049 Herodoti
502 1986 711 2050 narrationem
725 1986 753 2063 ⁶)
776 1986 837 2053 hue
858 1985 996 2051 referre?
1035 1984 1276 2052 Lacedaemonii

216 2071 299 2136 enim
321 2071 467 2157 ambiguo
490 2071 576 2138 ducti
597 2071 741 2138 oraculo:

385 2232 388 2239 a
416 2202 499 2257 Δώσω
517 2226 559 2258 τοι
580 2212 672 2275 Τεγέην
689 2204 859 2277 ποσσίκροτον
875 2199 1043 2276 ὅρχὴοιιοθοιι

414 2277 475 2325 ’Καὶ
492 2273 569 2327 καλὸν
585 2278 674 2329 πεδίον
694 2282 789 2345 σχοίνῳ
813 2278 1044 2347 διαμετρήσασθαι.

213 2408 351 2491 Tegeam
373 2408 549 2477 invaserant
569 2410 674 2476 vinela
694 2431 800 2475 secum
822 2409 966 2477 ferentes.
1019 2409 1081 2474 Ubi
1107 2430 1183 2475 vero
1210 2408 1273 2474 ad-

190 2514 307 2559 ·verso
330 2492 436 2560 Marte
458 2508 626 2582 pugnatum
648 2506 711 2577 est,
745 2494 858 2581 captivi
880 2494 957 2559 iussi
978 2503 1051 2559 suut
1071 2494 1195 2560 vincula
1219 2494 1272 2561 fe·

213 2588 317 2646 rentes
344 2581 503 2667 planitiem
529 2586 654 2669 Tegeae
682 2582 801 2669 laqueis
835 2582 945 2648 metiri.
1000 2580 1134 2646 Vincula
1160 2581 1273 2667 quibus

215 2665 377 2731 constricti
398 2687 491 2751 agros
515 2670 614 2735 mensi
636 2678 721 2746 sunt,
759 2666 944 2733 Herodotus
970 2688 1005 2730 se
1031 2666 1147 2730 vidisse
1168 2676 1273 2731 narrat

213 2753 247 2817 in
277 2751 353 2817 fano
384 2750 543 2838 suspensa.
598 2755 703 2829 Quam
729 2750 865 2816 fabulam
890 2751 966 2816 inde
993 2752 1151 2831 duxerim,
1185 2750 1273 2839 quod

213 2835 372 2904 Herodoti
394 2838 540 2923 aequales
562 2839 730 2923 antiquitus
752 2848 951 2902 conservatas
974 2836 1144 2926 compedes
1168 2860 1187 2903 e
1215 2859 1272 2903 ee-

213 2923 386 2990 leberrimis
408 2924 559 2988 maiorum
580 2923 675 2989 rebus
697 2925 794 3008 gestis
815 2924 991 2990 maluerunt
1015 2935 1158 3012 repetere
1179 2945 1271 3009 quam

213 3032 231 3075 e
253 3031 341 3074 more
363 3008 523 3076 nonnullis
546 3010 642 3093 asylis
665 3010 830 3088 communi,
852 3011 904 3075 hic
919 3011 1052 3077 fortasse
1068 3011 1164 3095 magis
1179 3031 1272 3160 qqam

213 3095 290 3161 alias
312 3095 345 3159 in
367 3096 570 3176 oblivionem,
595 3117 635 3162 ne
649 3096 764 3162 dicam:
787 3096 945 3177 iuvidiam,
968 3096 1114 3164 adducto.
1128 3131 1169 3145 -
1216 3117 1272 3160 aec

213 3181 338 3268 quidem
361 3182 511 3250 Graeciae
529 3183 687 3250 interioris
714 3183 804 3263 asyla
833 3205 873 3248 ne
898 3185 937 3275 iis
964 3182 1089 3270 quidem
1114 3182 1269 3267 tempori-

212 3333 411 3349 O——-—-—-

280 3436 312 3500 2)
348 3434 424 3488 Paua.
441 3435 470 3492 ΙΙ.
489 3437 529 3490 17.
547 3437 571 3493 7.
589 3436 636 3499 (cl.
656 3437 719 3491 Vlll.
736 3440 762 3493 4.
778 3440 808 3501 6;
825 3438 951 3504 aaa&
968 3439 999 3502 l;
1021 3437 1064 3490 db.
1076 3438 1114 3499 3.)
1131 3433 1164 3486 εί.
1177 3431 1269 3486 creua.
1291 3474 1294 3479 ,

212 3499 299 3568 symb.
317 3502 348 3554 ll.
365 3518 392 3569 p.
412 3505 471 3557 786.
507 3504 586 3562 Thuc.
604 3504 644 3559 lV.
664 3509 729 3561 1332
746 3510 841 3576 Xpriorr
858 3512 882 3565 ίς
900 3506 1027 3558 Φλιοῦντα
1044 3500 1143 3575 φεύγεις
1161 3501 1269 3555 fortem

211 3573 238 3624 in
251 3568 374 3644 0ternplum
393 3571 494 3637 Hebes,
512 3574 581 3640 quod
599 3575 698 3642 asylum
716 3575 796 3628 fuisso
814 3576 939 3627 novimus.

279 3655 310 3720 3)
346 3653 421 3707 Paua.
437 3654 479 3706 lll.
497 3657 521 3708 6.
539 3658 564 3710 6.
600 3659 720 3726 Xencpb.
739 3659 765 3712 b.
784 3660 825 3712 Gr.
842 3658 883 3712 111.
901 3661 926 3712 5.
945 3664 1007 3710 extr.
1031 3657 1058 3708 in
1076 3672 1109 3709 oo
1132 3654 1269 3723 acquievit,

212 3731 239 3775 ut
254 3723 408 3776 Pausaniam
428 3721 540 3792 Tegeam
559 3725 640 3780 tntae
656 3738 772 3801 narraret
788 3728 874 3797 ibique
892 3734 1018 3782 munuum
1035 3741 1093 3780 ease
1110 3723 1210 3779 rnurbo.

278 3809 307 3871 4)
339 3806 414 3859 Paua.
432 3806 475 3860 ΙΙΙ.
496 3810 537 3863 76.

278 3892 308 3955 b)
341 3890 406 3943 rrae
423 3892 482 3958 bys.
501 3907 524 3943 e.
544 3893 586 3946 36.

278 3972 309 4038 d)
344 3970 366 4029 1.
387 3990 408 4027 ε.
426 3976 468 4030 66.
