2788 4422
566 259 756 322 ..5..

134 425 263 514 spoliari
283 425 341 492 sed
367 444 406 489 ea
448 443 565 510 coque,
589 425 671 490 unde
693 424 855 504 neminem,
879 426 932 511 qui
953 432 993 491 eo
1016 425 1187 511 contugerit

132 512 282 600 supplex,
312 509 412 595 abripi
426 445 479 574 las
501 509 609 588 scitu,
637 532 709 576 num
732 511 887 596 patuerint
907 532 972 576 non
994 512 1054 577 nisi
1076 513 1185 598 probis

132 608 163 663 et
193 595 413 662 innocentibus
443 617 483 659 an
515 598 556 658 irn
578 596 660 662 robo
699 598 811 683 cuique
844 604 875 661 et
907 598 1018 662 iustam
1052 618 1186 683 poenam

131 681 366 766 subterfugienti
388 679 501 745 fuerint
523 616 629 759 sabuti,
653 685 794 767 quaestio
817 692 865 746 est
886 681 1013 747 maximi
1027 684 1184 762 momenti.

131 768 215 833 Vide
236 766 357 854 qualem
379 788 480 833 rerum
501 765 695 851 publicarum
712 777 823 843 statum
838 765 934 832 fuisse
948 790 1077 834 necesse
1092 777 1184 844 esset,

131 853 158 917 si
182 854 274 919 urbes
297 853 376 934 asyli
398 853 447 919 ius
469 861 556 917 tanto
584 850 689 917 studio
718 853 780 919 sibi
811 852 1020 919 vindicassent
1044 863 1079 919 ut
1110 874 1183 938 pro·

127 937 264 1004 bissimis
297 938 476 1003 hominibus
508 936 679 1024 perfugium
706 947 898 1026 praestarent
926 937 966 1005 ad
996 938 1184 1005 nefariorum

129 1024 239 1090 civium
272 1024 399 1089 iniurias
427 1022 671 1107 propulsandas,
708 1025 734 1087 si
761 1025 945 1093 innocentes
973 1023 1053 1089 adeo
1080 1023 1185 1088 vexati

129 1119 250 1185 essent,
288 1120 322 1173 ut
349 1107 521 1190 desperatis
548 1107 675 1170 summis
702 1107 795 1173 rebus
822 1111 948 1174 nonnisi
972 1110 1006 1172 in
1028 1109 1102 1174 fano
1124 1109 1182 1174 tuti

129 1193 193 1257 sibi
213 1190 405 1270 viderentur,
439 1190 524 1256 bona
545 1201 646 1255 autem
668 1190 942 1278 impudentissimis
969 1195 1089 1258 civibus
1116 1202 1183 1257 tan-

130 1297 221 1362 quam
243 1275 389 1362 praedam
410 1275 628 1363 relinquerent.
674 1278 792 1347 Nonne
813 1279 906 1344 urbes
928 1278 967 1343 ab
991 1279 1115 1363 optimis
1131 1276 1182 1342 de·

128 1362 253 1426 relictas
277 1362 525 1426 turbulentorum
547 1363 705 1424 hominurn
729 1362 796 1425 fieri
811 1382 940 1427 necesse
955 1371 1021 1426 erat
1035 1360 1183 1429 castella?

127 1447 195 1511 Imo
212 1467 281 1509 curn
294 1445 334 1513 ab
350 1445 507 1524 omnibus,
531 1446 583 1532 qui
603 1446 775 1511 calamitate
793 1447 937 1532 oppressi
958 1456 1055 1526 erant,
1078 1456 1142 1511 turn
1164 1469 1183 1512 a

128 1532 314 1598 nocentibus
328 1531 424 1612 asyla
450 1533 674 1616 expetebantur
701 1551 802 1616 neque
828 1531 912 1597 aliud
941 1532 1067 1596 Tacitus
1100 1554 1181 1598 con-

129 1618 266 1704 queritur
293 1616 360 1687 nisi,
376 1616 463 1702 quod
483 1615 676 1702 percrebruit
698 1617 823 1683 licentia
848 1639 905 1703 per
927 1619 1063 1693 Graecas
1088 1618 1181 1683 urbes

128 1712 160 1768 et
181 1702 318 1794 pessimo
341 1702 451 1790 cuique
473 1703 590 1767 auxilio
613 1701 679 1766 luit.
1174 1744 1177 1751 -

211 1788 325 1852 Verum
347 1809 387 1852 ne
409 1787 518 1853 credas
540 1787 714 1873 supplicum
740 1786 892 1853 rationem
920 1787 1022 1851 omnis
1046 1784 1183 1863 ἀσυλίας

127 1881 180 1938 aut
221 1873 425 1957 postulationi
468 1881 521 1938 aut
564 1871 792 1940 confirmationi
829 1872 1005 1939 necessario
1042 1873 1181 1953 subesse,

126 1977 255 2022 monere
281 1957 401 2024 videtur
427 1959 575 2025 Teiorum
608 1981 711 2027 causa.
769 1959 892 2023 Etenim
926 1960 952 2022 si
981 1956 1061 2022 illud
1088 1968 1180 2038 esset,

126 2042 284 2109 decretum
306 2043 511 2112 Istroniorum
526 2045 555 2122 ²)
576 2044 621 2110 ita
646 2044 712 2111 iere
739 2053 822 2111 esset
848 2042 1041 2129 explicanda.
1085 2043 1186 2127 Poly··

194 2296 223 2355 l)
255 2293 378 2343 Gbisbull.
401 2294 419 2343 l.
437 2294 454 2345 Ι.
472 2310 497 2360 p.
519 2295 576 2348 126.
620 2295 724 2359 „Fuere
746 2293 824 2363 igitur
846 2310 878 2344 ex
901 2307 1027 2345 consensu
1046 2273 1139 2362 regum
1157 2301 1183 2345 et

125 2359 279 2426 populorum
297 2361 374 2410 multa
393 2376 439 2425 per
457 2360 544 2410 orbem
563 2361 636 2421 fana,
656 2377 731 2423 arae,
750 2359 858 2425 templa,
881 2361 947 2426 luci,
971 2362 1055 2413 omnia
1074 2377 1106 2413 eo
1124 2363 1181 2415 iure

126 2429 207 2495 etque
225 2429 271 2480 reli
294 2429 353 2479 ione
372 2437 469 2494 sancta,
487 2436 515 2479 ut
533 2429 634 2480 tutelari
646 2429 697 2480 loci
715 2430 811 2480 numini
831 2437 980 2481 consecrata
994 2432 1101 2482 caeteris
1112 2447 1182 2482 mor-

125 2496 212 2547 talium
230 2447 349 2564 perlugio
368 2505 462 2560 essent,
481 2495 530 2548 sibi
547 2498 610 2562 ipsis
620 2505 708 2549 contra
726 2499 837 2563 rapinas,
856 2498 1044 2564 populationes,
1063 2508 1088 2549 et
1105 2515 1182 2564 prae-

125 2564 242 2616 dationes
272 2566 430 2632 praesidio“.
478 2563 631 2630 Supplicem
659 2566 784 2617 rationem
809 2580 874 2630 prae
904 2567 995 2619 ceteris
1023 2567 1066 2617 hic
1095 2567 1182 2620 titulus

125 2633 216 2686 babet:
252 2638 318 2691 ἴτεος
351 2632 456 2700 ΙΙΙΙΗΙ
491 2629 574 2716 pqadc
600 2633 746 2700 ἑ[β]ὃόμ[ου
777 2632 987 2701 β]ασιλε[ὑ]οντος
1014 2628 1181 2698 Ἀρταοέσσεω

126 2699 354 2770 ἰξοατραπεύοντος
370 2696 475 2771 Ἱδριέως
487 2719 536 2751 οσα
553 2705 712 2768 ἐψηφίσαντο
735 2702 877 2770 Τραλ[λ]εῖς
895 2708 1019 2768 ἱκέτηρίην
1037 2706 1102 2752 εἶναι
1114 2703 1182 2753 Λιο-

125 2772 190 2834 νύοῳ
206 2767 302 2835 Βάκχῳ
317 2770 352 2832 τῷ
364 2770 488 2835 δημοσίῳ.
502 2769 584 2838 χοῖρος
597 2766 662 2838 ἱερός
674 2763 767 2826 ἄσυλος
775 2768 906 2820 Διονύσου
917 2769 1033 2835 Βάκχου.
1043 2767 1088 2819 τὸν
1101 2773 1182 2854 ἱκέτην
1226 2773 1240 2783 “

124 2833 162 2905 μὴ
180 2830 273 2915 atdraus
289 2837 356 2913 prqut³
372 2830 538 2902 cidruor'qesrou
555 2837 683 2906 περιορᾶν.
701 2840 725 2887 εἰ
742 2838 768 2888 dl
784 2833 834 2905 μὴ,
863 2835 939 2904 ἐξώλη
963 2841 1086 2888 εἶναικαὶ
1103 2830 1183 2889 adcor

36 2958 42 2963 ,
124 2908 167 2954 καὶ
186 2923 216 2953 το
234 2908 305 2968 γένος
324 2903 411 2957 αυτοῦ.
448 2903 476 2957 G.
495 2904 518 2956 J.
536 2920 562 2954 n.
580 2906 656 2958 2919.
675 2905 709 2955 ef.
728 2905 819 2957 Franz.
838 2905 921 2957 Elem.
933 2908 1017 2973 epigr.
1031 2906 1073 2957 Gr.
1084 2921 1110 2969 p·
1122 2906 1181 2961 338.

124 2970 182 3022 llon
201 2970 359 3033 dubitamus,
378 2970 445 3022 hanc
462 2968 654 3038 inscriptionem
673 2973 706 3024 ad
723 2982 836 3025 nostrum
858 2976 934 3024 tinem
953 2975 1058 3034 afferre,
1084 2973 1183 3024 etiarnsi

126 3036 177 3090 Od.
196 3037 326 3090 llullerum
344 3038 389 3099 (de
407 3055 461 3092 vas.
480 3040 554 3091 Volo.
573 3057 598 3106 p.
616 3042 651 3092 to
669 3042 704 3092 cl.
721 3041 836 3095 Bocckh.
857 3042 886 3093 G.
901 3043 922 3095 J.
940 3041 970 3093 ll.
991 3040 1089 3108 prl)
1106 3047 1181 3092 aeta-

124 3117 175 3159 tem
191 3114 262 3158 recte
280 3105 445 3157 addubitasse
462 3108 600 3162 statuimus.

192 3192 223 3252 2)
255 3189 283 3242 C·
302 3189 324 3244 J.
345 3205 370 3239 n.
388 3189 472 3242 30482
497 3186 545 3240 cciv
566 3209 592 3239 τε
619 3194 772 3267 καθιέρωσιν
793 3191 828 3252 aqi
845 3186 964 3252 Διονύσῳ
981 3187 1028 3241 τοῖς
1049 3206 1074 3236 τε
1093 3185 1182 3247 πόλιος

125 3260 232 3312 καὶτοῖς
248 3259 333 3322 χώρας
350 3252 420 3321 ὑμῶν
439 3260 475 3304 ἔτι
492 3257 518 3304 δὲ
538 3252 607 3323 ἱερὰν
625 3258 666 3303 καλ
684 3253 779 3303 ἄσυλον
802 3257 867 3302 εἶναι
890 3279 922 3290 -
946 3282 977 3289 -
1001 3252 1128 3323 [δῆὃομεν
1148 3283 1182 3295 -

125 3351 159 3363 --
177 3352 208 3362 -
234 3325 256 3371 εἰ
283 3324 311 3373 δέ
330 3339 394 3376 τινες
416 3339 448 3368 κα
468 3320 518 3369 τῶν
545 3316 704 3388 ὁρμωμένων
731 3314 765 3377 ἐξ
790 3311 924 3389 Ἰστρῶνος
951 3313 1104 3386 ἇδικήοωντί
1125 3343 1183 3375 τινα

130 3395 215 3456 Ίήλων
232 3381 252 3454 ἢ
268 3388 341 3453 κοινᾷ
358 3381 375 3458 ᾗ
393 3389 446 3451 ἰδίᾳ
469 3381 541 3456 παρὰ
562 3382 592 3437 τὸ
616 3391 710 3456 γραφὲν
733 3387 818 3454 δόγμα
842 3390 899 3458 περὶ
920 3388 966 3446 τᾶς
992 3382 1106 3446 ’ocultus
1130 3387 1182 3444 dno*

124 3459 193 3525 α[ᾶ]ς
210 3458 299 3515 πόλιος
316 3456 361 3514 τᾶς
376 3448 524 3524 Ἰοιρωνλων
541 3458 627 3512 ἐξέστω
647 3454 682 3519 τῷ
703 3460 896 3524 παραγενομένω
918 3457 966 3508 τῶν
989 3462 1074 3524 Τηλωο
1092 3463 1182 3513 gnata.

126 3531 221 3592 θέσθαι
238 3527 280 3575 καὶ
298 3525 347 3574 τῶν
365 3524 489 3593 σωμάτων
507 3525 549 3574 καὶ
565 3519 703 3590 χρημάτων
723 3526 747 3573 sl
763 3541 801 3580 τις
817 3545 848 3574 κα
865 3506 930 3596 αἴνῃ,
950 3529 976 3576 ol
999 3529 1025 3578 dl
1042 3523 1136 3592 κόσμοι
1154 3566 1181 3579 ..

126 3589 349 3659 ἐπαναγκαζόντων
367 3586 525 3660 ἄποδιδομεν
541 3590 601 3648 τοὺς
619 3594 721 3654 ἔχοντας
738 3593 790 3657 (sc.
812 3584 894 3658 οὖτά)
912 3615 933 3643 κ.
953 3614 975 3644 τ.
992 3596 1014 3646 λ.
1037 3594 1184 3648 ..decedunt

113 3658 196 3712 ⁴aliae
214 3659 332 3712 Teiorum
351 3660 542 3726 inscriptiones,
564 3674 628 3727 quas
646 3674 735 3711 omnes
759 3659 791 3711 ad
814 3677 906 3712 annum
925 3661 979 3713 lere
1004 3663 1052 3716 rut
1074 3681 1097 3714 a.
1123 3663 1182 3717 Gbr.

126 3729 278 3780 relerendas
296 3744 353 3781 esse
371 3729 486 3782 Boeclrh.
507 3735 601 3780 censet.
643 3726 698 3780 Teii
715 3727 762 3794 pe'r
778 3728 879 3799 legatos
897 3747 912 3781 a
930 3729 1095 3783 Cretensibus
1112 3729 1183 3780 urbi-

126 3782 191 3863 bus,
210 3812 315 3865 quarum
333 3799 372 3849 sui
390 3813 506 3866 quaeque
523 3798 670 3862 irriserat,
692 3799 732 3850 ius
749 3801 907 3866 expetierunt
923 3799 988 3864 asyli
1010 3814 1042 3848 ex
1065 3798 1183 3864 Dionysii

129 3866 200 3918 cultu
221 3867 370 3933 repetitum
396 3874 568 3936 rogaverunt,
587 3862 656 3924 ὅπως
673 3864 720 3919 τάν
737 3888 764 3919 τε
781 3865 857 3921 πόλιν
878 3860 961 3916 αὐτῶν
978 3867 1021 3914 καὶ
1037 3860 1084 3914 τάν
1100 3863 1184 3935 χώραν

128 3937 321 4007 ἔπιχνρολοωντι
343 3929 413 4006 ἱερὰν
435 3939 505 4006 εἶμεν
521 3939 570 3989 acl
593 3928 688 3990 ἄσυλον
708 3936 756 3988 τοῦ
777 3932 916 3989 Διονύσον.
950 3932 1035 3983 Aetati
1062 3932 1089 3983 id
1115 3932 1183 4000 quod
