2788 4422
661 257 873 321 ..32„

241 434 343 498 iussus
381 437 464 496 esset
499 425 707 493 celeberrimis
742 425 831 490 louis
873 423 957 489 ludis
994 426 1146 512 Aeropoli
1181 428 1292 515 potiri,

243 515 392 602 Olympia
414 515 486 580 dum
508 512 691 597 agebantur,
725 508 812 596 quod
841 510 901 574 iarn
930 509 1130 577 clandestinis
1153 515 1292 580 consiliis
1368 560 1370 565 ·

243 605 446 678 instruxerat,
481 598 626 662 familiari
659 618 721 682 ope
754 595 878 661 adiutus
906 596 1036 682 perfecit
1048 599 1084 675 ¹).
1129 599 1197 665 Jam
1218 622 1293 667 vero

242 709 335 775 quum
357 685 566 750 Athenienses
594 684 812 767 necopinatum
834 692 1014 763 tyrannum,
1053 686 1105 769 qui
1135 709 1169 750 se
1189 687 1293 752 invitis

240 775 370 838 irruerat
395 772 427 835 in
455 791 573 849 arcem,
609 769 805 845 obsiderent,
844 769 908 833 eius
938 769 1016 834 socii
1042 771 1114 855 ipso
1141 771 1294 858 fratreque

239 858 356 944 elapsis
378 859 411 923 iu
433 878 551 939 summa
572 877 674 920 rerum
696 853 868 918 calamitate
883 853 922 918 ad
935 855 1099 921 Minervae
1115 879 1198 923 aram
1221 880 1293 922 con·

239 946 367 1030 fugiunt.
411 944 452 1008 At
474 962 599 1026 surgere
620 939 698 1005 nihil
720 940 780 1005 sibi
802 940 932 1024 periculi
957 963 1028 1007 esse
1054 944 1192 1009 confisos
1218 945 1295 1008 iussi

240 1031 279 1096 ab
316 1028 530 1094 Archontibus
545 1027 574 1101 ²)
608 1027 661 1092 alii
692 1024 754 1110 fide
787 1024 892 1091 habita
922 1047 1033 1112 magua
1067 1049 1136 1093 cum
1163 1030 1295 1115 perfidia

240 1124 402 1191 necantur,
441 1113 494 1177 alii
522 1113 583 1177 aris
610 1111 797 1179 Emeuidum
830 1120 864 1176 ut
897 1111 976 1176 salvi
1009 1124 1114 1179 essent
1149 1116 1295 1200 expetitis

239 1202 430 1268 trucidantur
452 1200 493 1263 ad
515 1220 584 1263 aras
605 1199 698 1285 ipsas.
757 1196 907 1283 Dupplex
932 1198 1025 1281 igitur
1050 1198 1150 1266 fuerat
1176 1200 1294 1266 facinus

238 1287 472 1361 Atheniensurn.
505 1306 575 1347 nam
612 1294 644 1348 et
674 1280 813 1369 perfidos
841 1291 872 1347 et
896 1283 1009 1368 impios
1035 1285 1069 1348 iu
1107 1286 1196 1351 deam
1225 1308 1296 1353 sese

239 1370 463 1459 praestiterant.
509 1367 552 1429 At
573 1367 600 1428 si
622 1367 795 1429 incolumes
818 1388 874 1427 eos
897 1381 1088 1444 servassent,
1112 1373 1295 1452 quibuscum

239 1457 279 1523 ad
301 1477 384 1520 aram
407 1452 570 1517 Minervae
592 1449 788 1537 pepigerant,
816 1458 920 1513 tamen
942 1449 1099 1536 supplices
1120 1452 1160 1516 ad
1183 1454 1294 1518 Eume·

238 1541 346 1608 uiduam
369 1561 438 1604 aras
461 1535 663 1616 occidissent,
692 1554 798 1600 nonne
824 1534 937 1599 eodem
963 1537 1087 1620 piaculo
1110 1538 1223 1624 polluti
1245 1562 1295 1604 es·

239 1628 326 1694 sent?
370 1625 466 1691 Certo
489 1622 601 1688 certius
623 1632 685 1723 est}
719 1620 776 1686 sed
798 1622 944 1706 quoniam
966 1622 998 1686 in
1014 1634 1176 1711 utrumque
1190 1625 1295 1690 fanum

238 1725 273 1781 ut
293 1713 380 1799 impii
400 1721 529 1796 egerunt
555 1707 810 1781 denominatione
833 1730 851 1770 a
880 1708 999 1795 potiori
1025 1711 1106 1774 facta
1131 1708 1295 1794 ἀλιτήριοι
1378 1766 1379 1789 ,

237 1801 297 1879 τῆς
318 1797 404 1863 θεοῦ
425 1793 679 1880 appellantur³),
703 1794 778 1879 quin
801 1794 892 1857 etiam
915 1793 995 1858 adeo
1019 1806 1147 1882 utraque
1169 1819 1222 1861 ara
1246 1799 1294 1860 in·

238 1896 285 1949 tcr
312 1904 346 1948 se
375 1880 618 1962 confunduntur,
655 1888 690 1944 ut
721 1878 941 1964 Aristophanis
967 1881 1119 1968 interpres
1152 1881 1235 1948 dicat
1261 1885 1293 1947 in

237 1969 427 2037 universum:
462 1970 494 2032 οἱ
524 1968 616 2051 φίλοι
639 1968 763 2052 ἔφορον
792 1971 837 2040 εἰς
858 1960 935 2041 τοὺς
955 1966 1087 2051 βωμοὺς
1107 1970 1173 2033 τῶν
1195 1970 1293 2047 θεῶν,

239 2051 298 2130 οὓς
335 2045 427 2119 οὗτοι
464 2047 719 2126 ἀποσπάσαντες
758 2048 965 2132 ἀπέκτεινον,
1008 2049 1094 2117 ὅθεν
1129 2050 1294 2136 ἀλιτήριοι

237 2136 432 2219 ἐκλήθησαν.
448 2138 476 2216 ⁴)
522 2137 608 2214 Quid
629 2145 730 2200 autem
752 2144 814 2215 est,
838 2136 925 2220 quod
952 2139 1108 2223 supplices
1131 2138 1294 2203 Minervae
1377 2184 1378 2189 η

236 2247 362 2312 sperare
383 2231 567 2310 potuerunt,
602 2222 677 2309 quin
700 2222 767 2288 ullo
795 2221 860 2286 alio
887 2243 979 2288 sacro
1007 2222 1090 2289 idem
1112 2224 1150 2288 iis
1173 2225 1293 2291 contin·

306 2463 334 2525 l)
371 2459 536 2527 Thucydides
558 2474 667 2526 eumque
691 2457 734 2524 qui
761 2455 874 2524 sequitur
899 2456 1037 2509 scholiasta
1065 2458 1170 2524 Cylonis
1197 2459 1292 2510 sactum

235 2538 372 2596 propterea
390 2532 549 2594 vituperasse
567 2531 664 2593 possint
681 2525 777 2591 videri,
796 2524 863 2592 quod
884 2522 1002 2591 Olympia
1021 2543 1077 2578 csse
1094 2545 1108 2578 a
1128 2528 1177 2577 deo
1196 2529 1292 2578 indicta

236 2606 305 2649 ratus
323 2598 410 2648 contra
429 2599 542 2647 divinam
560 2595 714 2645 voluntatem
732 2609 785 2644 nou
803 2608 883 2659 usque
902 2593 933 2643 ad
953 2595 1037 2646 Diasin
1056 2595 1202 2658 protulisset
1219 2598 1292 2645 ince-

234 2674 318 2733 ptum:
342 2669 366 2717 sl
384 2666 411 2716 δὲ
427 2670 454 2716 ἐν
471 2665 503 2734 τῇ
518 2658 617 2731 Ἀττικῇ
639 2656 658 2728 ἡ
675 2657 775 2712 ἄλλοθί
794 2656 880 2737 nopai
902 2665 1008 2727 μεγίστη
1028 2657 1104 2730 ἑορτή
1125 2666 1210 2730 εἴρητο
1234 2657 1292 2713 οὔτε

234 2742 326 2790 ἐκεῖνος
344 2738 380 2784 ἔτι
397 2730 545 2796 κατενόησε,
562 2732 608 2791 τό,
625 2748 651 2778 τε
669 2735 790 2794 μαντεῖον
807 2746 853 2776 ουκ
870 2728 969 2793 ἐδήλου.
989 2722 1062 2780 Ἐστι
1079 2725 1128 2798 γάρ
1145 2733 1188 2780 καὶ
1201 2723 1291 2797 Ἀθην.

233 2802 331 2852 Atrium
348 2825 390 2838 --
408 2803 433 2849 lv
451 2794 468 2867 ᾖ
485 2798 611 2861 πανδημεὶ
634 2797 744 2844 θύουσιν
761 2824 777 2833 -
795 2793 885 2844 Δοκῶν
903 2796 929 2845 δὲ
947 2788 1035 2864 ὀρθῶς
1055 2798 1211 2864 γιγνώσκειν,
1234 2805 1291 2850 ρπρ.

233 2872 334 2936 χείρησε
352 2887 373 2916 a
391 2885 413 2919 τ.
431 2865 453 2912 λ.
490 2868 523 2913 At
541 2861 660 2912 videntur
678 2868 780 2912 tantum.
816 2860 916 2912 Etenim
934 2878 1018 2930 neque
1035 2864 1106 2932 vulgi
1124 2881 1208 2931 neque
1226 2865 1291 2916 insi·
1374 2908 1375 2917 ,

235 2937 353 3003 gaiorum
375 2933 488 2984 virorum
515 2944 625 2996 unquam
647 2928 724 2979 aliam
746 2928 825 2980 fuisse
847 2931 1009 2994 opinionem,
1037 2948 1103 2998 quae
1130 2933 1234 2999 quidem
1260 2949 1292 2984 ex

233 3003 343 3056 adverso
363 3001 401 3051 rei
421 3006 513 3051 eventu
530 2997 614 3059 fluxit,
640 2997 689 3048 nisi
710 2997 786 3049 deum
809 2998 918 3051 fortasse
942 3000 976 3051 de
998 3000 1051 3051 alio
1075 3008 1190 3064 tempore
1214 3003 1291 3069 cogi-

233 3080 316 3132 tasse,
344 3068 388 3119 nbi
412 3066 496 3133 Gylorr
521 3067 580 3134 quia
598 3066 744 3133 quicunque
766 3064 872 3117 Athenis
894 3076 980 3118 essent
997 3076 1022 3119 et
1038 3069 1118 3120 infimi
1136 3077 1160 3119 et
1178 3070 1290 3136 opulenti

234 3140 291 3193 festi
310 3138 363 3191 diei
380 3136 457 3189 rebus
475 3136 556 3187 sacris
574 3136 693 3199 occupati
711 3150 745 3184 nc
763 3135 788 3184 in
808 3134 871 3185 urbe
883 3137 985 3204 quidem
997 3137 1088 3188 versati
1101 3145 1193 3202 essent,
1212 3137 1290 3205 longe

233 3211 290 3275 plus
307 3207 474 3274 profecisset,
493 3205 620 3254 nemiuem
638 3202 713 3269 [ugit.
748 3202 785 3252 lta
804 3202 969 3269 Thucydides
987 3221 1089 3273 quoque
1106 3205 1290 3271 imprudentem

238 3285 263 3328 et
279 3276 494 3327 inconsideratam
515 3270 620 3336 cylonis
639 3269 734 3340 agendi
753 3271 875 3322 rationem
894 3274 981 3324 refert.

307 3360 338 3424 2)
352 3357 478 3431 ,Praeter
499 3356 565 3420 alia,
590 3354 681 3423 quibus
705 3355 843 3421 scriptores
864 3356 929 3408 inter
947 3372 975 3407 so
994 3355 1154 3422 discrepant,
1178 3356 1204 3407 id
1223 3372 1290 3424 quo·
1372 3360 1373 3373 ²

235 3443 284 3494 que
302 3427 496 3491 animadvertas,
515 3423 548 3476 ab
561 3423 691 3476 llerodoto
703 3430 830 3494 prytanea,
849 3420 1027 3491 aThucydide
1042 3424 1185 3486 archontes,
1202 3424 1289 3475 Areo·
1372 3420 1373 3447 ³

233 3509 331 3613 papum
348 3493 460 3560 denique
479 3509 494 3543 a
511 3491 650 3544 scholiasta
673 3490 725 3540 dici
749 3506 806 3541 eum
829 3490 945 3558 Gylouiis
967 3494 1061 3562 egisse.
1098 3490 1131 3545 cl.
1156 3491 1288 3543 Tittmann.

255 3578 288 3615 o.
308 3560 348 3612 Gr.
367 3576 393 3626 p.
410 3561 470 3613 281.
488 3560 546 3612 351.

302 3644 331 3710 3)
365 3643 402 3697 lta
423 3642 539 3708 Thucyd.
557 3642 665 3696 Pausan.
690 3641 819 3711 Aguratus
839 3641 962 3694 Cleonem
985 3643 1020 3693 ait
1041 3647 1066 3694 tu
1086 3641 1137 3692 τῶν
1155 3635 1289 3710 ἀλιτηρίων

234 3717 362 3779 γεγονέναι
378 3711 427 3761 τῶν
449 3710 494 3777 τῆς
517 3710 591 3766 θεοῦ.
634 3710 673 3760 Ex
695 3710 797 3776 interpr.
822 3728 886 3763 unus
911 3705 1056 3781 ἀλιτηρίους
1077 3718 1170 3761 tautum
1194 3710 1290 3777 apellat

236 3780 417 3845 Athenienses,
435 3782 536 3843 lecytus
553 3777 705 3829 Herodotus.

302 3865 333 3928 d)
367 3862 424 3915 Duo
444 3859 533 3913 soboll.
552 3860 595 3927 qui
614 3858 737 3925 Cylonern
756 3879 832 3931 quum
850 3863 1005 3930 exspoliaret
1023 3864 1121 3933 lanum,
1142 3862 1288 3929 depreben-

235 3945 289 3982 sum
307 3937 496 3996 emanassent,
515 3944 597 3996 nugas
614 3934 702 3995 agunt.
